Automatically generated by Mendeley Desktop 1.19.4
Any changes to this file will be lost if it is regenerated by Mendeley.

BibTeX export options can be customized via Preferences -> BibTeX in Mendeley Desktop

@misc{Hoang2019,
author = {Hoang, Anh},
booktitle = {R-Studio Publications},
title = {{Correlation between discrete (categorical) variables}},
url = {https://rpubs.com/hoanganhngo610/558925},
urldate = {2020-10-19},
year = {2019}
}
@article{VSA2017,
author = {VSA},
title = {{Leistungspr{\"{u}}fung f{\"{u}}r technische Adsorbermaterialien und dezentrale technische Anlagen zur Behandlung von Niederschlagswasser. Entwurf in Vernehmlassung.}},
year = {2017}
}
@article{Huber2016,
author = {Huber, M. and Helmreich, B.},
file = {:Users/jakoberpf/Library/Application Support/Mendeley Desktop/Downloaded/Huber, Helmreich - 2016 - Handlungsempfehlungen f{\"{u}}r den Einsatz dezentraler Anlagen.pdf:pdf},
title = {{Handlungsempfehlungen f{\"{u}}r den Einsatz dezentraler Anlagen}},
url = {http://www.mall.info/downloadcenter/dlc/Gewerblich/Aktuelles/Vortraege-Fachtagungen/FT-RW-Dortmund-Oldenburg-2016/Huber{\_}Helmreich{\_}Handlungsempfehlungen{\_}fuer{\_}den{\_}Einsatz{\_}Dezentraler{\_}Anlagen.pdf},
year = {2016}
}
@incollection{Filipiak2013,
author = {Filipiak, Wojciech and Sponring, Andreas and Filipiak, Anna and Baur, Maria and Ager, Clemens and Wiesenhofer, Helmut and Margesin, Rosa and Nagl, Markus and Troppmair, Jakob and Amann, Anton},
booktitle = {Volatile Biomarkers},
doi = {10.1016/B978-0-44-462613-4.00023-4},
isbn = {9780444626134},
month = {jan},
pages = {463--512},
publisher = {Elsevier B.V.},
title = {{Volatile Organic Compounds (VOCs) Released by Pathogenic Microorganisms in vitro: Potential Breath Biomarkers for Early-Stage Diagnosis of Disease}},
year = {2013}
}
@incollection{McCue2007,
author = {McCue, Colleen},
booktitle = {Data Mining and Predictive Analysis},
doi = {10.1016/B978-075067796-7/50027-1},
file = {:Users/jakoberpf/Library/Application Support/Mendeley Desktop/Downloaded/McCue - 2007 - Data.pdf:pdf},
month = {jan},
pages = {67--92},
publisher = {Elsevier},
title = {{Data}},
url = {https://linkinghub.elsevier.com/retrieve/pii/B9780750677967500271},
year = {2007}
}
@techreport{DiBtTeil22012,
address = {Berlin},
author = {DIBt},
institution = {Deutschen Institut f{\"{u}}r Bautechnik},
title = {{Zulassungsgrunds{\"{a}}tze f{\"{u}}r Niederschlagswasserbehandlungsanlagen. Teil 2: Wasserdurchl{\"{a}}ssige Bel{\"{a}}ge f{\"{u}}r Kfz-Verkehrsfl{\"{a}}chen f{\"{u}}r die Behandlung des Abwassers zur anschlie{\ss}enden Versickerung in Boden und Grundwasser (Abwasserbehandelnde Fl{\"{a}}chenbel{\"{a}}ge)}},
year = {2012}
}
@techreport{DiBt2017a,
author = {DIBt},
institution = {Deutschen Institut f{\"{u}}r Bautechnik},
title = {{Verzeichnis der allgemeinen bauaufsichtlichen Zulassungen}},
url = {https://www.dibt.de/de/zv/NAT{\_}n/zv{\_}referat{\_}II3/SVA{\_}84.htm},
year = {2017}
}
@misc{Erhard2020,
author = {Erhard, Rainer},
title = {{Distanz zwischen zwei Punkten}},
url = {https://sites.google.com/a/erhard-rainer.com/erhard-rainer/mathematik/distanz-zwischen-zwei-punkten},
urldate = {2020-10-19},
year = {2020}
}
@misc{FHA2011,
author = {FHA},
booktitle = {Office of Operations},
title = {{Traffic Congestion and Reliability: Trends and Advanced Strategies for Congestion Mitigation: Chapter 2}},
url = {https://ops.fhwa.dot.gov/congestion{\_}report/chapter2.htm},
urldate = {2020-10-14},
year = {2011}
}
@misc{SPSS2020a,
author = {SPSS},
title = {{Correlation in SPSS - Statistics Solutions}},
url = {https://www.statisticssolutions.com/correlation-in-spss/},
urldate = {2020-08-22},
year = {2020}
}
@article{Erpf2020,
author = {Erpf, Jakob and Mathias, Spangler and Stefan, G{\"{u}}rtler},
file = {:Users/jakoberpf/Documents/Studium/13. WS 2019$\backslash$:20 MA/StudyProject/02{\_}Abschlussbericht/JakobErpfReportStudyProjectAtSchlothauer{\&}Wauer.pdf:pdf},
title = {{Development of a traffic data request, monitoring and analyzing application}},
year = {2020}
}
@article{Charlton2013,
abstract = {This paper describes our research into the processes that govern driver attention and behavior in familiar, well-practiced situations. The experiment examined the effects of extended practice on inattention blindness and detection of changes to the driving environment in a high-fidelity driving simulator. Participants were paid to drive a simulated road regularly over 3 months of testing. A range of measures, including detection task performance and driving performance, were collected over the course of 20 sessions. Performance from a yoked Control Group who experienced the same road scenarios in a single session was also measured. The data showed changes in what drivers reported noticing indicative of inattention blindness, and declining ratings of mental demand suggesting that many participants were "driving without awareness". Extended practice also resulted in increased sensitivity for detecting changes to road features associated with vehicle guidance and improved performance on an embedded vehicle detection task (detection of a specific vehicle type). The data provide new light on a "tandem model" of driver behavior that includes both explicit and implicit processes involved in driving performance. The findings also suggest reasons drivers are most likely to crash at locations very near their homes. {\textcopyright} 2013 Elsevier Ltd.All rights reserved.},
author = {Charlton, Samuel G. and Starkey, Nicola J.},
doi = {10.1016/j.trf.2013.03.008},
issn = {13698478},
journal = {Transportation Research Part F: Traffic Psychology and Behaviour},
keywords = {Centipede's dilemma,Change blindness,Driver attention,Driving simulator},
month = {jul},
pages = {121--133},
publisher = {Elsevier Ltd},
title = {{Driving on familiar roads: Automaticity and inattention blindness}},
volume = {19},
year = {2013}
}
@misc{SBW2017,
author = {MfIDM-BW},
title = {{Abwasserbeseitigung - dezentrale Beseitigung von Regenwasser beantragen oder anzeigen - Ministerium f{\"{u}}r Inneres, Digitalisierung und Migration Baden-W{\"{u}}rttemberg}},
url = {https://www.service-bw.de/leistung/-/sbw/Abwasserbeseitigung++dezentrale+Beseitigung+von+Regenwasser+beantragen+oder+anzeigen-1543-leistung-0},
urldate = {2017-10-08},
year = {2017}
}
@misc{Steinhard2017,
author = {{Steinhard GmbH Wassertechnik}},
title = {{HydroSeparator{\textregistered} befreit Mischwasser von 99{\%} bakteriellen Inhalts | Steinhardt GmbH Wassertechnik}},
url = {http://steinhardt.de/hydroseparator-befreit-mischwasser-von-99-bakteriellen-inhalts/},
urldate = {2017-10-25},
year = {2015}
}
@article{HerzSchlicherSiegener1992,
author = {Herz, R and SCHLICHTER, H G and SIEGENER, W},
keywords = {Benutzung,Buch,City planning,Datenverarbeitung,Highways,Information processing,Planning,Planung,Probability,Regional planning,Regionalplanung,Regression analysis,Regressionsanalyse,Safety,Sicherheit,Stadtplanung,Statistical sampling,Statistics,Statistik,Stichprobe,Strassenverkehrstechnik,Stra{\ss}e,Textbooks,Traffic,Traffic engineering,Use,Verkehr,Wahrscheinlichkeit},
title = {{ANGEWANDTE STATISTIK FUER VERKEHRS- UND REGIONALPLANER}},
year = {1992}
}
@book{Wolfe2017,
address = {Cham},
author = {Wolfe, Douglas A. and Schneider, Grant},
doi = {10.1007/978-3-319-56072-4},
isbn = {978-3-319-56070-0},
publisher = {Springer International Publishing},
series = {Springer Texts in Statistics},
title = {{Intuitive Introductory Statistics}},
url = {http://link.springer.com/10.1007/978-3-319-56072-4},
year = {2017}
}
@techreport{WRRL,
author = {EURat},
file = {:Users/jakoberpf/Library/Application Support/Mendeley Desktop/Downloaded/EURat - 2000 - RICHTLINIE 200060EG DES EUROP{\"{A}}ISCHEN PARLAMENTS UND DES RATES vom 23. Oktober 2000 zur Schaffung eines Ordnungsrahmens.pdf:pdf},
institution = {Europ{\"{a}}isches Parlament un der Rat der EU},
title = {{RICHTLINIE 2000/60/EG DES EUROP{\"{A}}ISCHEN PARLAMENTS UND DES RATES vom 23. Oktober 2000 zur Schaffung eines Ordnungsrahmens f{\"{u}}r Ma{\ss}nahmen der Gemeinschaft im Bereich der Wasserpolitik}},
url = {https://www.umweltfoerderung.at/fileadmin/user{\_}upload/media/umweltfoerderung/Dokumente{\_}Betriebe/Wasser{\_}Betriebe/Alle{\_}Dokumente/RL{\_}2000{\_}60{\_}EG.pdf},
year = {2000}
}
@techreport{BWM-M3,
author = {BuInfWAK},
institution = {Bund der Ingenieure f{\"{u}}r Wasserwirtschaft, Abfallwirtschaft und Kulturbau e. V.},
title = {{BWK-M 3 - Ableitung von immissionsorientierten Anforderungen an Misch- und Niederschlagswassereinleitungen unter Ber{\"{u}}cksichtigung {\"{o}}rtlicher Verh{\"{a}}ltnisse}},
year = {2007}
}
@misc{Potvin2020,
author = {Potvin, Pascal},
booktitle = {Github},
title = {{CorrelationMatrixClustering/CorrelationMatrixClustering.ipynb at master {\textperiodcentered} TheLoneNut/CorrelationMatrixClustering}},
url = {https://github.com/TheLoneNut/CorrelationMatrixClustering/blob/master/CorrelationMatrixClustering.ipynb},
urldate = {2020-09-20},
year = {2020}
}
@misc{BIRCO2017,
author = {{BIRCO GmbH}},
title = {{Sedimentationstunnel / Isolator Row - BIRCO GmbH}},
url = {https://www.birco.de/umwelt/produkte-fuer-umwelt/birco-rigolentunnel-von-stormtechr/sedimentationstunnel-isolator-row/},
urldate = {2017-10-25},
year = {2017}
}
@article{NiedSchlWasBesVBW2014,
abstract = {in Kraft getreten am 1. Januar 2014 Auf Grund von 45b Abs. 3 Satz 3 des Wassergesetzes f{\"{u}}r Baden-W{\"{u}}rttemberg (WG) in der Fassung vom 1. Januar 1999 (GBI. S. 1) wird verordnet: 1 Dezentrale Beseitigung von Niederschlagswasser (1) Niederschlagswasser wird dezentral beseitigt, wenn es versickert oder ortsnah in ein oberirdisches Gew{\"{a}}s-ser eingeleitet wird. F{\"{u}}r das dezentrale Einleiten von Niederschlagswasser in ein Gew{\"{a}}sser zum Zwecke seiner schadlosen Beseitigung ist eine Erlaubnis nicht erforderlich, soweit die Bestimmungen der 2 und 3 eingehal-ten werden. Eine Erlaubnis ist weiter nicht erforderlich, wenn die dezentrale Beseitigung des Niederschlags-wassers in bauplanungsrechtlichen oder bauordnungsrechtlichen Vorschriften vorgesehen ist. (2) Die erlaubnisfreie Einleitung von Niederschlagswasser, welches von befestigten oder bebauten Fl{\"{a}}chen von mehr als 1200 m 2 stammt, ist der unteren Wasserbeh{\"{o}}rde anzuzeigen, soweit die Wasserbeh{\"{o}}rde nicht bereits in anderen Verfahren Kenntnis von dem Vorhaben erlangt hat. Die Wasserbeh{\"{o}}rde hat den Eingang der Anzei-ge zu best{\"{a}}tigen. Mit dem Vorhaben darf nicht vor Ablauf eines Monats nach Eingang der Anzeige begonnen werden. (3) Weiter gehende Anforderungen in Wasserschutz-und Quellenschutzgebietsverordnungen bleiben unbe-r{\"{u}}hrt.},
author = {WassR},
file = {:Users/jakoberpf/Library/Application Support/Mendeley Desktop/Downloaded/WassR - 2014 - Verordnung des Umweltministeriums {\"{u}}ber die dezentrale Beseitigung von Niederschlagswasser.pdf:pdf},
journal = {Wassergesetzes f{\"{u}}r Baden-W{\"{u}}rttemberg (WG)},
number = {WassR 2.3.06},
title = {{Verordnung des Umweltministeriums {\"{u}}ber die dezentrale Beseitigung von Niederschlagswasser}},
url = {http://www.gaa.baden-wuerttemberg.de/servlet/is/16491/2{\_}3{\_}06.pdf},
year = {2014}
}
@techreport{LAWAGFS2016,
author = {LAWA},
file = {:Users/jakoberpf/Library/Application Support/Mendeley Desktop/Downloaded/LAWA - 2016 - Ableitung von Geringf{\"{u}}gigkeitsschwellenwerten f{\"{u}}r das Grundwasser Aktualisierte und {\"{u}}berarbeitete Fassung.pdf:pdf},
institution = {Bund/L{\"{a}}nder-Arbeitsgemeinschaft Wasser},
pages = {25--26},
title = {{Ableitung von Geringf{\"{u}}gigkeitsschwellenwerten f{\"{u}}r das Grundwasser; Aktualisierte und {\"{u}}berarbeitete Fassung}},
url = {http://www.lawa.de/documents/Geringfuegigkeits{\_}Bericht{\_}Seite{\_}001-028{\_}6df.pdf},
year = {2016}
}
@article{Hechfellner2020,
author = {Hechfellner, Severin and Erpf, Jakob and Steger, Benedikt and Schmidt, Arthur and Garcia, Luis},
file = {:Users/jakoberpf/Documents/Studium/13. WS 2019$\backslash$:20 MA/Transportation Economics/Report/Bayerische{\_}Oberlandbahn{\_}Submission.pdf:pdf},
title = {{Feasibility Study of Battery Trains for the Bayerische Oberlandbahn}},
year = {2020}
}
@misc{ONS2020,
author = {ONS},
booktitle = {Office for National Statistics},
title = {{Uncertainty and how we measure it for our surveys - Office for National Statistics}},
url = {https://www.ons.gov.uk/methodology/methodologytopicsandstatisticalconcepts/uncertaintyandhowwemeasureit},
urldate = {2020-11-11},
year = {2020}
}
@article{AdamsHarms,
author = {Adams, R. and Grotehusmann, D. and Harms, R. W. and Kasting, U. and Lange, G. and Schneider, F. and Uhl, M.},
file = {:Users/jakoberpf/Library/Application Support/Mendeley Desktop/Downloaded/Adams et al. - 2017 - NRW - Niederschlagsentw{\"{a}}sserung von Verkehrsfl{\"{a}}chen.pdf:pdf},
title = {{NRW - Niederschlagsentw{\"{a}}sserung von Verkehrsfl{\"{a}}chen}},
url = {www.umwelt.nrw.de},
year = {2017}
}
@misc{RetallackOstendorf2019,
abstract = {Traffic accidents impart both economic and social costs upon communities around the world, hence the desire for accident rates to be reduced. For this reduction to occur, the factors influencing the occurrence of accidents must be understood. The role of congestion in modifying accident risk has been widely studied, but consensus has not been reached, with conflicting results leaving open questions. An inverse relationship between accidents and congestion would imply a benefit of congested conditions for road safety, posing a difficult situation for traffic management. This paper assesses articles that reveal the shape of the relationship between traffic accidents and congestion. We find a positive linear response to dominate the literature. However, studies with higher numbers of statistical units tend to show a U-shaped relationship. This suggests an important role of high spatio-temporal traffic data in understanding factors causing accidents and identifying the combination of real-time conditions which may lead to increased accident risk. Modern advancements in traffic measurement systems provide the ability for real-time alleviation of accident-prone conditions before they can fully develop.},
author = {Retallack, Angus Eugene and Ostendorf, Bertram},
booktitle = {International Journal of Environmental Research and Public Health},
doi = {10.3390/ijerph16183400},
file = {:Users/jakoberpf/Library/Application Support/Mendeley Desktop/Downloaded/Retallack, Ostendorf - 2019 - Current understanding of the effects of congestion on traffic accidents.pdf:pdf},
issn = {16604601},
keywords = {Bluetooth,Congestion,Real-time traffic data,Traffic accidents,Traffic volume},
number = {18},
pmid = {31540246},
publisher = {MDPI AG},
title = {{Current understanding of the effects of congestion on traffic accidents}},
url = {/pmc/articles/PMC6766193/?report=abstract https://www.ncbi.nlm.nih.gov/pmc/articles/PMC6766193/},
volume = {16},
year = {2019}
}
@misc{Yun2020,
author = {Jun, Ye},
title = {{Everything You Need To Know About Correlation | Jun's blog}},
url = {https://junye0798.com/post/everythin-you-need-to-know-about-correlation/},
urldate = {2020-10-19},
year = {2020}
}
@misc{Sheskin1997,
author = {{J. Sheskin}, David},
title = {{Handbook of Parametric and Nonparametric Statistical Procedures, Fifth Edition - Google Books}},
url = {https://books.google.de/books?hl=de{\&}lr={\&}id=nvDqDwAAQBAJ{\&}oi=fnd{\&}pg=PR19{\&}dq=Sheskin,+David+J.+(1997).+Handbook+of+Parametric+and+Nonparametric+Statistical+Procedures.+Boca+Raton,+Fl:+CRC+Press.{\&}ots=JYvQRxpyfJ{\&}sig=4yjXvDENCLzn4sQyj3w6mxm3K5E{\#}v=onepage{\&}q=Shes},
urldate = {2020-09-17},
year = {1997}
}
@article{HuberWelkeHelmreichSTE2015,
author = {Huber, M. and Welker, A. and Helmreich, B.},
journal = {Sience the Total Enviroment},
title = {{Critical Review of Heavy Metal Pollution of Traffic Area Runoff: Occurrence, Influence Factors, and Partitioning.}},
year = {2015}
}
@article{Hartwein2017,
author = {Hartwein, S.},
journal = {Wasserwirtschaft Wassertechnik wwt 4/2017},
pages = {35--38},
title = {{Wasserrahmenrichtlinie: Vom guten Zustand weit entfernt.}},
year = {2017}
}
@misc{Baguley2016,
author = {Baguley, Thom and Mangiafico, Salvatore S.},
title = {{What's the reason for deriving Cohen's w from Cramer's V if the latter is already a measure of effect size?}},
url = {https://www.researchgate.net/post/Whats{\_}the{\_}reason{\_}for{\_}deriving{\_}Cohens{\_}w{\_}from{\_}Cramers{\_}V{\_}if{\_}the{\_}latter{\_}is{\_}already{\_}a{\_}measure{\_}of{\_}effect{\_}size},
urldate = {2020-10-26},
year = {2016}
}
@incollection{Leon1998,
author = {Leon, Andrew C.},
booktitle = {Comprehensive Clinical Psychology},
doi = {10.1016/b0080-4270(73)00264-9},
file = {:Users/jakoberpf/Library/Application Support/Mendeley Desktop/Downloaded/Leon - 1998 - Descriptive and Inferential Statistics.pdf:pdf},
month = {jan},
pages = {243--285},
publisher = {Elsevier},
title = {{Descriptive and Inferential Statistics}},
year = {1998}
}
@techreport{LfU2011,
author = {LfU},
file = {:Users/jakoberpf/Library/Application Support/Mendeley Desktop/Downloaded/LfU - 2010 - Bayerisches Landesamt f{\"{u}}r Umwelt Pr{\"{u}}fkriterien zur vorl{\"{a}}ufigen Beurteilung von Behandlungsanlagen zum R{\"{u}}ckhalt von Me.pdf:pdf},
institution = {Bayerisches Landesamt f{\"{u}}r Umwelt},
pages = {66--4402},
title = {{Bayerisches Landesamt f{\"{u}}r Umwelt Pr{\"{u}}fkriterien zur vorl{\"{a}}ufigen Beurteilung von Behandlungsanlagen zum R{\"{u}}ckhalt von Metallionen aus Niederschlagsabfl{\"{u}}ssen von Metalld{\"{a}}chern}},
url = {https://www.lfu.bayern.de/wasser/niederschlagswasser{\_}umgang/versickerung/doc/pruefkriterien{\_}behandlungsanlagen.pdf},
volume = {03},
year = {2011}
}
@misc{SPSS2020b,
author = {SPSS},
title = {{Correlation (Pearson, Kendall, Spearman) - Statistics Solutions}},
url = {https://www.statisticssolutions.com/correlation-pearson-kendall-spearman/},
urldate = {2020-08-22},
year = {2020}
}
@misc{Berlin2001,
abstract = {die Grundwasservorr{\"{a}}te der Stadt Berlins werden durch versickerndes Regenwasser aufgef{\"{u}}llt. Ein schonender und umsichtiger Umgang mit der Ressource Wasser ist gerade im Ballungsraum Berlin wichtig, in dem die nat{\"{u}}rliche Grundwasserneubildung durch eine starke Versiegelung beeintr{\"{a}}chtigt wird. Der Schutz des Grundwassers vor Verunreinigungen ist vor dem Hintergrund, dass Berlin sein gesamtes Rohwasser f{\"{u}}r die Trinkwasserversorgung der Stadt aus dem eigenem Grundwasserdargebot sch{\"{o}}pft, eine wichtige Vorsorgema{\ss}nahme. Dazu k{\"{o}}nnen Sie durch umsichtiges Handeln im Umgang mit dem Regenwasser einen wesentlichen Beitrag leisten. Die neue Niederschlagswasserfreistellungsverordnung 1 soll den Grund-st{\"{u}}ckseigent{\"{u}}mern in Berlin die naturnahe Versickerung von gesammeltem Niederschlagswasser erleichtern. Seit Inkrafttreten der Verordnung am 25. August 2001 ist in weiten Teilen des Landes Berlin das Versickern von Regenwasser unter bestimmten Bedingungen erlaubnisfrei. Durch Ma{\ss}nahmen zur Niederschlagswasserversickerung k{\"{o}}nnen Sie auch Kosten sparen. Nach der neuen Geb{\"{u}}hrenordnung (Entgeltsplitting) der Berliner Wasserbetriebe sind teilweise oder vollst{\"{a}}ndige Befreiungen von der Regenwasserableitungsgeb{\"{u}}hr m{\"{o}}glich, wenn keine zentrale Regenentw{\"{a}}sserung mehr erfolgt. Mit dieser Brosch{\"{u}}re m{\"{o}}chten wir Sie {\"{u}}ber die Bedingungen f{\"{u}}r das erlaubnisfreie Versickern informieren und zudem einige technische Hinweise f{\"{u}}r grundwasserschonende Versickerungsverfahren geben. Senatsverwaltung f{\"{u}}r Stadtentwicklung VIII D -Wasserbeh{\"{o}}rde Berlin, Dezember 2001 1 Verordnung {\"{u}}ber die Erlaubnisfreiheit f{\"{u}}r das schadlose Versickern von Niederschlags-wasser (Niederschlagswasserfreistellungsverordnung – NWFreiV) vom 24. August 2001 (GVBl. Nr. 37 vom 12.09.2001, S.502) und im Internet unter: http://www.ba-mit.verwalt-berlin.de/mitte/Seite/Startseite.htm Liebe B{\"{u}}rgerinnen, liebe B{\"{u}}rger,},
author = {Berlin},
file = {:Users/jakoberpf/Library/Application Support/Mendeley Desktop/Downloaded/Berlin - 2001 - Berlin Wasserecht Kundgebung.pdf:pdf},
pages = {www.berlin.de},
title = {{Berlin Wasserecht Kundgebung}},
url = {http://www.berlin.de/senuvk/umwelt/wasser/wasserrecht/pdf/regenwasser.pdf},
urldate = {2017-08-31},
year = {2001}
}
@inproceedings{Welker2013,
author = {Welker, A.},
booktitle = {Innovationsforum BMBF, DBU, DWA},
file = {:Users/jakoberpf/Library/Application Support/Mendeley Desktop/Downloaded/Welker - 2013 - Zulassungsverfahren f{\"{u}}r dezentrale Behandlungsanlagen f{\"{u}}r Niederschlagsabfl{\"{u}}sset.pdf:pdf},
title = {{Zulassungsverfahren f{\"{u}}r dezentrale Behandlungsanlagen f{\"{u}}r Niederschlagsabfl{\"{u}}sset}},
url = {http://www.bmbf.innovationsforum-wasserwirtschaft.de/downloads/20131127{\_}0900{\_}Welker.pdf},
year = {2013}
}
@misc{Scikit2020,
author = {Scikit},
title = {{sklearn.cluster.DBSCAN — scikit-learn 0.23.2 documentation}},
url = {https://scikit-learn.org/stable/modules/generated/sklearn.cluster.DBSCAN.html},
urldate = {2020-09-16},
year = {2020}
}
@misc{Reiter2015,
author = {Reiter},
title = {{Kendalls Tau}},
url = {http://www.reiter1.com/Glossar/Kendall{\_}Tau.htm},
urldate = {2020-10-18},
year = {2015}
}
@techreport{HelmreichHuberWelke2014,
author = {Helmreich, B. and Huber, M. and Welker, A. and Dierschke, M.},
title = {{Abschlussbericht zum F+E-Vorhaben „Untersuchung von Anlagen zur Behandlung des Niederschlagswassers von Verkehrsfl{\"{a}}chen“ vom 29.07.2014.}},
year = {2014}
}
@techreport{LfU2010,
author = {LfU},
file = {:Users/jakoberpf/Library/Application Support/Mendeley Desktop/Downloaded/LfU - 2010 - Bayerisches Landesamt f{\"{u}}r Umwelt Pr{\"{u}}fkriterien zur vorl{\"{a}}ufigen Beurteilung von Behandlungsanlagen zum R{\"{u}}ckhalt von Me.pdf:pdf},
institution = {Bayerisches Landesamt f{\"{u}}r Umwelt},
pages = {66--4402},
title = {{Bayerisches Landesamt f{\"{u}}r Umwelt Pr{\"{u}}fkriterien zur vorl{\"{a}}ufigen Beurteilung von Behandlungsanlagen zum R{\"{u}}ckhalt von Metallionen aus Niederschlagsabfl{\"{u}}ssen von Metalld{\"{a}}chern}},
url = {https://www.lfu.bayern.de/wasser/niederschlagswasser{\_}umgang/versickerung/doc/pruefkriterien{\_}behandlungsanlagen.pdf},
volume = {03},
year = {2010}
}
@misc{Zychlinski2018,
author = {Zychlinski, Shaked},
booktitle = {Towards Data Science},
title = {{The Search for Categorical Correlation | Towards Data Science}},
url = {https://towardsdatascience.com/the-search-for-categorical-correlation-a1cf7f1888c9},
urldate = {2020-09-19},
year = {2018}
}
@article{Laken2013,
abstract = {Effect sizes are the most important outcome of empirical studies. Most articles on effect sizes highlight their importance to communicate the practical significance of results. For scientists themselves, effect sizes are most useful because they facilitate cumulative science. Effect sizes can be used to determine the sample size for follow-up studies, or examining effects across studies. This article aims to provide a practical primer on how to calculate and report effect sizes for t-tests and ANOVA's such that effect sizes can be used in a-priori power analyses and meta-analyses. Whereas many articles about effect sizes focus on between-subjects designs and address within-subjects designs only briefly, I provide a detailed overview of the similarities and differences between within-and between-subjects designs. I suggest that some research questions in experimental psychology examine inherently intra-individual effects, which makes effect sizes that incorporate the correlation between measures the best summary of the results. Finally, a supplementary spreadsheet is provided to make it as easy as possible for researchers to incorporate effect size calculations into their workflow. Keywords: effect sizes, power analysis, cohen's d, eta-squared, sample size planning Effect sizes are the most important outcome of empirical studies. Researchers want to know whether an intervention or experimental manipulation has an effect greater than zero, or (when it is obvious an effect exists) how big the effect is. Researchers are often reminded to report effect sizes, because they are useful for three reasons. First, they allow researchers to present the magnitude of the reported effects in a standardized metric which can be understood regardless of the scale that was used to measure the dependent variable. Such standardized effect sizes allow researchers to communicate the practical significance of their results (what are the practical consequences of the findings for daily life), instead of only reporting the statistical significance (how likely is the pattern of results observed in an experiment, given the assumption that there is no effect in the population). Second, effect sizes allow researchers to draw meta-analytic conclusions by comparing standardized effect sizes across studies. Third, effect sizes from previous studies can be used when planning a new study. An a-priori power analysis can provide an indication of the average sample size a study needs to observe a statistically significant result with a desired likelihood. The aim of this article is to explain how to calculate and report effect sizes for differences between means in between and within-subjects designs in a way that the reported results facilitate cumulative science. There are some reasons to assume that many researchers can improve their understanding of effect sizes. For example, researchers predominantly report the effect size partial eta squared ($\eta$ 2 p), which is provided by statistical software packages such as SPSS. The fact that $\eta$ 2 p is often reported for One-Way ANOVAs (where partial eta squared equals eta squared), indicates that researchers are either very passionate about unnecessary sub-script letters, or rely too much on the effect sizes as they are provided by statistical software packages. This practical primer should be seen as a complementary resource for psychologists who want to learn more about effect sizes (for excellent books that discuss this topic in more detail,. A supplementary spreadsheet is provided to facilitate effect size calculations. Reporting standardized effect sizes for mean differences requires that researchers make a choice about the standardizer of the mean difference, or a choice about how to calculate the proportion of variance explained by an effect. In this article, these choices will be highlighted for Cohen's d and eta squared ($\eta$ 2), two of the most widely used effect sizes in psychological research, with a special focus on the difference between within and between-subjects designs. I point out some caveats for researchers who want to perform power-analyses for within-subjects designs, and provide recommendations regarding the effect sizes that should be reported. Knowledge about the expected size of an effect is important information when planning a study. Researchers typically rely on null hypothesis significance tests to draw conclusions about observed differences between groups of observations. The probability of correctly rejecting the null hypothesis is known as the power of a statistical test (Cohen, 1988). Statistical power depends on the sample size of the study (through its influence on the reliability of the sample values, and specifically the extent to which sample values can be expected to be an approximation of the},
author = {Lakens, Dani{\"{e}}l},
doi = {10.3389/fpsyg.2013.00863},
file = {:Users/jakoberpf/Library/Application Support/Mendeley Desktop/Downloaded/Lakens - 2013 - Calculating and reporting effect sizes to facilitate cumulative science a practical primer for t-tests and ANOVAs.pdf:pdf},
issn = {1664-1078},
journal = {Frontiers in Psychology},
keywords = {Cohen's d,Effect sizes,Power analysis,Sample size planning,eta-squared},
month = {nov},
number = {NOV},
pages = {863},
publisher = {Frontiers},
title = {{Calculating and reporting effect sizes to facilitate cumulative science: a practical primer for t-tests and ANOVAs}},
url = {http://journal.frontiersin.org/article/10.3389/fpsyg.2013.00863/abstract},
volume = {4},
year = {2013}
}
@misc{INDRIX2015,
author = {INDRIX},
title = {{Floating-Car-Daten verbessern Genauigkeit der Verkehrsdaten in Bayern}},
url = {https://inrix.com/press-releases/bavaria-quality-report-german/},
urldate = {2020-06-28},
year = {2015}
}
@incollection{Tang2019,
abstract = {Traditionally, methods to reduce traffic congestion have been focused on the capacity side. An increasingly popular approach is to look at issues from the demand side to trigger travel behavior changes, so as to achieve a better balance between the need to travel a particular route at a particular time and the capacity of available facilities which is defined by FHWA as active traffic and demand management strategy (ATDM). The provisions of dynamic traffic information and incentives are two most commonly seen methods to effectively influence people's travel behavior. This chapter aims to provide a comprehensive and in-depth review of the research work that focuses on triggering travel behavior changes with the provisions of dynamic traffic information and incentives via Information and Communication Technologies (ICT). Real-world system developments and current practices in adjusting travel behaviors will be summarized first, followed by the review of various behavior change aspects, including departure time choice behavior, route choice behavior, mode choice behavior and destination choice behavior. Driving behavior, which is a densely populated topic is also reviewed and summarized. The reviewed studies are summarized and compared at the end of each corresponding section.},
author = {Tang, Qing and Hu, Xianbiao},
doi = {10.1016/bs.atpp.2019.05.002},
pages = {209--250},
publisher = {Academic Press},
title = {{Triggering behavior changes with information and incentives: An active traffic and demand management-oriented review}},
volume = {3},
year = {2019}
}
@misc{Baeldung2020_2,
author = {Baeldung},
title = {{Java TreeMap vs HashMap}},
url = {https://www.baeldung.com/java-treemap-vs-hashmap},
urldate = {2020-10-30},
year = {2020}
}
@techreport{Sommer2014,
author = {Sommer, H. and Post, M. and Estupinan, F.},
title = {{Dezentrale Behandlung von Stra{\ss}enabfl{\"{u}}ssen – {\"{U}}bersicht verf{\"{u}}gbarer Anlagen, 2. Auflage, erstellt im Rahmen des Projektes „Dezentrale Behandlung von Stra{\ss}enabfl{\"{u}}ssen“, gef{\"{o}}rdert durch das Land Berlin im Rahmen des Umwelt Entlastungs-Programms Berlin und mi}},
year = {2014}
}
@misc{OTSD2020,
author = {{Outside Two Standard Deviations}},
booktitle = {Medium},
title = {{An overview of correlation measures between categorical and continuous variables}},
url = {https://medium.com/@outside2SDs/an-overview-of-correlation-measures-between-categorical-and-continuous-variables-4c7f85610365},
urldate = {2020-10-17},
year = {2020}
}
@misc{Frankische2017,
author = {{Fr{\"{a}}nkische Rohrwerke GmbH}},
title = {{SediPoint - Fr{\"{a}}nkische Rohrwerke}},
url = {https://www.fraenkische.com/de/Regenwassermanagement/Regenwasserbehandlung/Anwendungen/Sedimentation/SediPoint-7907.html},
urldate = {2017-10-25},
year = {2017}
}
@phdthesis{Rempe2018,
author = {Rempe, Felix},
file = {:Users/jakoberpf/Library/Application Support/Mendeley Desktop/Downloaded/Rempe - 2018 - Traffic Speed Estimation and Prediction Using Floating Car Data.pdf:pdf},
keywords = {Floating Car Data,Traffic Prediction,Traffic State Estimation},
title = {{Traffic Speed Estimation and Prediction Using Floating Car Data}},
year = {2018}
}
@article{Walker2005,
abstract = {The program is intended to provide editors, manuscript reviewers, students, and researchers with an SPSS matrix to determine an array of effect sizes not reported or the correctness of those reported, such as r-related indices, r-related squared indices, and measures of association, when the only data provided in the manuscript or article are the n, M, and SD (and sometimes proportions and t and F (1) values) for two-group designs. This program can create an internal matrix table to assist researchers in determining the size of an effect for commonly utilized r-related, mean difference, and difference in proportions indices when engaging in correlational and/or meta-analytic analyses.},
author = {Walker, David A},
doi = {10.22237/jmasm/1114907400},
journal = {Journal of Modern Applied Statistical Methods},
keywords = {SPSS,effect size,syntax},
number = {1},
pages = {333--342},
title = {{JMASM19: A SPSS Matrix For Determining Effect Sizes From Three Categories: r And Functions Of r, Differences Between Proportions, And Standardized Differences Between Means}},
url = {http://digitalcommons.wayne.edu/jmasmhttp://digitalcommons.wayne.edu/jmasm/vol4/iss1/30},
volume = {4},
year = {2005}
}
@techreport{LANVU2017,
author = {LANVU},
institution = {Landesamt f{\"{u}}r Natur, Umwelt und Verbraucherschutz Nordrhein-Westfalen},
title = {{Dezentrale Niederschlagswasserbehandlung}},
url = {https://www.lanuv.nrw.de/umwelt/wasser/abwasser/niederschlagswasser/dezentrale-systeme/},
year = {2017}
}
@article{Bergsma2013,
abstract = {Cram{\'{e}}r's V and Tschuprow's T are closely related nominal variable association measures, which are usually estimated by their empirical values. Although these estimators are consistent, they can have large bias for finite samples, making interpretation difficult. We propose a new and simple bias correction and show via simulations that, for larger than 2 × 2 tables, the newly obtained estimators outperform the classical (empirical) ones. For 2 × 2 tables performance is comparable. The larger the table and the smaller the sample size, the greater the superiority of the new estimators. {\textcopyright} 2012 The Korean Statistical Society.},
author = {Bergsma, Wicher},
doi = {10.1016/j.jkss.2012.10.002},
issn = {12263192},
journal = {Journal of the Korean Statistical Society},
keywords = {Bias-correction,Chi-square test,Contingency coefficient,Contingency table,Cramer's V,Measure of association,Nominal data,Tschuprow's T},
month = {sep},
number = {3},
pages = {323--328},
title = {{A bias-correction for Cram{\'{e}}r's V and Tschuprow's T}},
volume = {42},
year = {2013}
}
@misc{Randelhoff2016,
author = {Randelhoff, Martin},
title = {{Datenbasierte Verkehrsplanung: Vom Papier-Erhebungsbogen zu Big Data - Zukunft Mobilit{\"{a}}t}},
url = {https://www.zukunft-mobilitaet.net/103615/analyse/datenbasierte-verkehrsplanung-big-data-mobilfunkdaten-optimierung-trajektorien/},
urldate = {2020-06-20},
year = {2016}
}
@techreport{LANVU2012,
author = {LANVU},
institution = {Landesamt f{\"{u}}r Natur, Umwelt und Verbraucherschutz Nordrhein-Westfalen},
title = {{Nachweis der Vergleichbarkeit von dezentralen Behandlungsanlagen Zusammenfassende; Darstellung der Pr{\"{u}}fungsvorgaben vom 25.9.2012}},
url = {https://www.lanuv.nrw.de/fileadmin/lanuv/wasser/abwasser/2012{\_}09{\_}25{\_}NWdezentral{\_}pruefung.pdf},
year = {2012}
}
@techreport{Fleischer2017,
address = {Dresden},
author = {Fleischer, T},
institution = {Technische Universität Dresden (2017)},
title = {{Mobility as a Service aus Nutzersicht: Untersuchung psychologischer Nutzungsreize in der Konzeptionierung von MaaS. Master Thesis}},
year = {2017}
}
@misc{DeJesus2019,
author = {DeJesus, John},
booktitle = {Towards Data Science},
title = {{Point Biserial Correlation with Python}},
url = {https://towardsdatascience.com/point-biserial-correlation-with-python-f7cd591bd3b1},
urldate = {2020-10-13},
year = {2019}
}
@article{Erpf2019,
author = {Erpf, Jakob},
file = {:Users/jakoberpf/Documents/Studium/12. SS 2019 MA/Scientific Paper Writing/SeminararbeitSPR{\_}Final.pdf:pdf},
number = {July},
title = {{Munich and MaaS – What is MaaS and approach of Munich city for a Mobility as a Service System}},
year = {2019}
}
@misc{StackExchange2020,
author = {StackExchange},
title = {{Correlation - When to use Theil's U and Cramer's V, the danger of symmetrical data? - Cross Validated}},
url = {https://stats.stackexchange.com/questions/443878/when-to-use-theils-u-and-cramers-v-the-danger-of-symmetrical-data},
urldate = {2020-09-07},
year = {2020}
}
@book{Ellis2010,
abstract = {The objective of this case study was to obtain some first-hand information about the functional consequences of a cosmetic tongue split operation for speech and tongue motility. One male patient who had performed the operation on himself was interviewed and underwent a tongue motility assessment, as well as an ultrasound examination. Tongue motility was mildly reduced as a result of tissue scarring. Speech was rated to be fully intelligible and highly acceptable by 4 raters, although 2 raters noticed slight distortions of the sibilants /s/ and /z/. The 3-dimensional ultrasound demonstrated that the synergy of the 2 sides of the tongue was preserved. A notably deep posterior genioglossus furrow indicated compensation for the reduced length of the tongue blade. It is concluded that the tongue split procedure did not significantly affect the participant's speech intelligibility and tongue motility.},
author = {Ellis, Paul D.},
booktitle = {The Essential Guide to Effect Sizes},
doi = {10.1017/cbo9780511761676},
publisher = {Cambridge University Press},
title = {{The Essential Guide to Effect Sizes}},
url = {/core/books/essential-guide-to-effect-sizes/72C26CA99366A19CAC4EF5B16AE3297F},
year = {2010}
}
@article{Felmeden2013,
author = {Felmeden, J.},
file = {:Users/jakoberpf/Library/Application Support/Mendeley Desktop/Downloaded/Felmeden - 2013 - Phosphorr{\"{u}}ckhalt in der Mischwasserbehandlung durch Retentionsbodenfilter Anlagen - Universit{\"{a}}t Kassel.pdf:pdf},
isbn = {978-3-89958-610-7},
journal = {Abwasser - Wasser - Umwelt},
number = {33},
title = {{Phosphorr{\"{u}}ckhalt in der Mischwasserbehandlung durch Retentionsbodenfilter Anlagen - Universit{\"{a}}t Kassel}},
url = {http://www.uni-kassel.de/upress/online/frei/978-3-89958-610-7.volltext.frei.pdf},
year = {2013}
}
@techreport{DWA2017,
address = {Hennef},
author = {DWA},
institution = {Deutsche Vereinigung f{\"{u}}r Wasserwirtschaft Abwasser und Abfall e. V.},
isbn = {978-3-88721-383-1},
publisher = {DWA},
title = {{Entwurf Arbeitsblatt DWA-A 102/BWK-A 3: Grunds{\"{a}}tze zur Bewirtschaftung und Behandlung von Regenwetterabf{\"{u}}ssen zur Einleitung in Oberfl{\"{a}}chengew{\"{a}}sser}},
year = {2017}
}
@article{Leblanc2017,
abstract = {When creating an examination for educational purposes, one must make sure that the entire curriculum is covered. However, it can be dicult to do so without requiring a large number of questions. Also, it is desirable for those questions to be capable of accurately discriminating students who understand from those who do not, without being too dicult or easy. A practical way of identifying questions that t these criteria is to study the point-biserial correlation (r pb) between the success on a question and the number of questions correctly answered. This tutorial explains what the r pb is and how to use it through the interpretation of effect sizes and signicance testing applied to real data. It also presents the corrected point-biserial correlation (r * pb), which is more suited for signicance testing when one of the variables is partially determined by the other.},
author = {Leblanc, Vincent and Cox, Michael A A},
doi = {10.20982/tqmp.13.1.p046},
file = {:Users/jakoberpf/Library/Application Support/Mendeley Desktop/Downloaded/Leblanc, Cox - 2017 - Interpretation of the point-biserial correlation coecient in the context of a school examination.pdf:pdf},
keywords = {Assessment,Corrected Point-Biserial Correlation vlebl017@uott,Examination,Point-Biserial Correlation,Tutorial},
number = {1},
title = {{Interpretation of the point-biserial correlation coecient in the context of a school examination}},
volume = {13},
year = {2017}
}
@techreport{Speyer2017,
abstract = {WHG / LWG Wasser – Grundlage allen Lebens -Regenwassernutzung und Versickerung-Wasser ist ein wichtiger Bestandteil des Naturhaushalts. Als Grundlage allen Lebens ist Wasser ein besonders wertvolles Gut, dessen Sauberkeit und Verf{\"{u}}gbarkeit nachhaltig gew{\"{a}}hrleistet werden muss. Daher kommt in den Wassergesetzen dem Gew{\"{a}}sserschutz eine besondere Bedeutung zu. Das Wasserhaushaltsgesetz (WHG) des Bundes und das Landeswassergesetz (LWG) des Landes Rheinland-Pfalz verpflichten zudem jeden mit Wasser sparsam umzugehen. Dabei ist nicht nur das Wasser zum h{\"{a}}uslichen Gebrauch also z.B. zum Waschen und Duschen oder Wasser als Lebensmittel gemeint, sondern insbesondere auch Gew{\"{a}}sser und dabei besonders das Grundwasser. Der stetig wachsende Versiegelungsgrad von Fl{\"{a}}chen durch Bauten, Stra{\ss}en und Pl{\"{a}}tze verhin-dert die Versickerung des Niederschlagwassers und damit die nat{\"{u}}rliche Grundwasserneubildung. Dies f{\"{u}}hrt zu vermehrten Oberfl{\"{a}}chenabfl{\"{u}}ssen von Regenwasser. Der nat{\"{u}}rliche Wasserhaushalt kann hierdurch insbesondere in kleinen Gew{\"{a}}ssereinzugsgebieten empfindlich aus dem Gleichgewicht geraten. Die Auswirkungen sind meist vielf{\"{a}}ltig: • Eine Erh{\"{o}}hung der Hochwasserabflussspitzen in den Gew{\"{a}}ssern (Erosion im Gew{\"{a}}sserbett und Zunahme der {\"{U}}berschwemmungsh{\"{a}}ufigkeit) • die Verminderung der Grundwasserneubildung, ein Absinken des Grundwasserspiegels sowie eine Verminderung der Niedrigwasserf{\"{u}}hrung in den Gew{\"{a}}ssern • eine Beeintr{\"{a}}chtigung des {\"{O}}kosystems der Gew{\"{a}}sser durch hydraulische Sto{\ss}belastungen Diese Nachteile gilt es zu vermeiden. Daher soll unbelastetes Niederschlagswasser (z.B. von Dach-oder Hoffl{\"{a}}chen) bei demjenigen, auf dessen Grundst{\"{u}}ck es anf{\"{a}}llt, mit vertretbarem Aufwand verwertet oder versickert werden. Nur so wird gew{\"{a}}hrleistet, dass die Grundwasserspeicher regelm{\"{a}}{\ss}ig wieder aufgef{\"{u}}llt werden. Nach rheinland-pf{\"{a}}lzischem Wasserrecht besteht daher auch die Verpflichtung, dass alle sinnvollen und vertretbaren M{\"{o}}glichkeiten einer Niederschlagswasserbeseitigung am Ort des Anfalles zu nutzen sind. Man unterscheidet grunds{\"{a}}tzlich zwei M{\"{o}}glichkeiten das Niederschlagswasser wieder dem Grundwasser zuzuf{\"{u}}hren:},
author = {Speyer},
file = {:Users/jakoberpf/Library/Application Support/Mendeley Desktop/Downloaded/Speyer - 2017 - Behandlung von Oberfl{\"{a}}chenwasser.pdf:pdf},
institution = {Stadtverwaltung Speyer Abteilung Umwelt und Forsten - Untere Wasserbeh{\"{o}}rde -},
title = {{Behandlung von Oberfl{\"{a}}chenwasser}},
url = {http://www.speyer.de/sv{\_}speyer/de/Umwelt/Wasserschutz/Behandlung von Oberfl{\"{a}}chenwasser.pdf},
year = {2017}
}
@techreport{MKULNVNRW2012,
author = {MKULNV},
title = {{Erlass Dezentrale Niederschlagswasserbehandlung in Trennsystemen. Umsetzung des Trennerlasses.}},
year = {2012}
}
@article{LaborHuberWelker2013,
author = {Huber, M. and Welker, A. and Dierschke, M. and Helmreich, B. and Drewes, J. E.},
journal = {gwf - Wasser|Abwasser},
number = {05},
pages = {630--638},
publisher = {DIV Deutscher Industrieverlag GmbH / Vulkan-Verlag GmbH},
title = {{Ein neues Laborverfahren zur Ermittlung von Standzeiten dezentraler Anlagen zur Behandlung von Verkehrsfl{\"{a}}chenabfl{\"{u}}ssen}},
url = {http://ojs.di-verlag.de/index.php/gwf{\_}wa/article/view/1510/1828 https://www.di-verlag.de/de/Zeitschriften/gwf-Wasser-Abwasser/2014/05/Ein-neues-Laborverfahren-zur-Ermittlung-von-Standzeiten-dezentraler-Anlagen-zur-Behandlung-von-Verkehrsflaechen-abfluesse},
volume = {155},
year = {2014}
}
@techreport{Dierschke2014,
abstract = {Methodical approach for quantifying of fine particles (PM63) in rainfall runoffs depending on the surface of origin},
author = {Dierschke, M.},
title = {{Methodischer Ansatz zur Quantifizierung von Feinpartikeln (PM63) in Niederschlagsabfl{\"{u}}ssen in Abh{\"{a}}ngigkeit von der Herkunftsfl{\"{a}}che}},
year = {2014}
}
@misc{Ramzai2020,
author = {Ramzai, Juhi},
booktitle = {Towards Data Science},
title = {{Clearly explained: Pearson V/S Spearman Correlation Coefficient | Towards Data Science}},
url = {https://towardsdatascience.com/clearly-explained-pearson-v-s-spearman-correlation-coefficient-ada2f473b8},
urldate = {2020-08-22},
year = {2020}
}
@inproceedings{BurkhardtSchmidtAqua2017,
address = {Graz},
author = {Burkhardt, M. and Schmidt, S.},
booktitle = {Aqua Urbanica 2017},
title = {{G3 - Herausforderungen f{\"{u}}r Anlagen zur Behandlung von Niederschlagswasser Aqua Urbica 2017}},
url = {http://lampx.tugraz.at/{~}karl/verlagspdf/Schriftenreihe{\_}Wasserwirtschaft{\_}75{\_}Tagungsbd{\_}Aqua{\_}Urbanica{\_}2017.pdf},
year = {2017}
}
@techreport{Dalitz2009,
abstract = {Kd-trees allow for efficient nearest neighbor searches and can therefore be useful for layout analysis problems in document image analysis. Two alternative customiza-tions of the k nearest neighbor search in kd-trees are presented, such that it returns only within line or between line neighbors. One customization is based on a modified distance metric, which does not entirely suppress unwanted neighbors, but makes them less likely to be returned. The other customization is based on a search predicate. Both customizations have been implemented in the Gamera framework for document analysis and recognition. In experiments performed on the UW dataset, the probability for an unwanted neighbor with the modified distance metric turned out to be low, while the runtime of the search was considerably less than that of the search with a predicate.},
author = {Dalitz, Christoph and Niederrhein, Hochschule},
file = {:Users/jakoberpf/Library/Application Support/Mendeley Desktop/Downloaded/Dalitz, Niederrhein - Unknown - Kd-Trees for Document Layout Analysis.pdf:pdf},
keywords = {()},
title = {{Kd-Trees for Document Layout Analysis *}},
url = {http://gamera.informatik.hsnr.de/},
year = {2009}
}
@techreport{UmB2017,
author = {UmB},
institution = {Umwelt Bundesamt},
title = {{Chemische Qualit{\"{a}}tsanforderungen und Bewertung | Umweltbundesamt}},
url = {https://www.umweltbundesamt.de/themen/wasser/gewaesser/fluesse/ueberwachung-bewertung/chemisch{\#}textpart-3},
year = {2017}
}
@article{Marciano2019,
author = {Marciano, Pia and Erpf, Jakob},
file = {:Users/jakoberpf/Documents/Studium/11. WS 2018$\backslash$:19 MA/Nachhaltige Geb{\"{a}}udeplanung im urbanen Kontext/Seminararbeit/SoilandWater{\_}Paper{\_}remastered.pdf:pdf},
title = {{Urban Planning , Soil , and Water}},
year = {2019}
}
@techreport{BWK-M7,
author = {BuInfWAK},
institution = {Bund der Ingenieure f{\"{u}}r Wasserwirtschaft, Abfallwirtschaft und Kulturbau e. V.},
title = {{BWK-M 7 - Detaillierte Nachweisf{\"{u}}hrung immissionsorientierter Anforderungen an Misch- und Niederschlagswassereinleitungen gem{\"{a}}{\ss} BWK-Merkblatt 3}},
year = {2008}
}
@article{Pearson1990,
abstract = {The object of this paper is to investigate a criterion of the probability on any theory of an observed system of errors, and to apply it to the determination of goodness of fit in the case of frequency curves.},
author = {Pearson, Karl},
doi = {10.1080/14786440009463897},
file = {:Users/jakoberpf/Library/Application Support/Mendeley Desktop/Downloaded/Pearson - 1900 - X. On the criterion that a given system of deviations from the probable in the case of a correlated system of variables.pdf:pdf},
issn = {1941-5982},
journal = {The London, Edinburgh, and Dublin Philosophical Magazine and Journal of Science},
month = {jul},
number = {302},
pages = {157--175},
publisher = {Informa UK Limited},
title = {{X. On the criterion that a given system of deviations from the probable in the case of a correlated system of variables is such that it can be reasonably supposed to have arisen from random sampling}},
url = {http://www.economics.soton.ac.uk/staff/aldrich/1900.pdf},
volume = {50},
year = {1900}
}
@misc{Glen2017,
author = {Glen, Stephanie},
booktitle = {Welcome to Statistics How To!" From StatisticsHowTo.com: Elementary Statistics for the rest of us!},
title = {{U Statistic: Definition, Different Types; Theil's U - Statistics How To}},
url = {https://www.statisticshowto.com/u-statistic-theils/},
urldate = {2020-10-19},
year = {2017}
}
@techreport{Mantelverordnung2017,
abstract = {Pr{\"{u}}fwerte f{\"{u}}r Wirkunsgpfad Boden-Grundwasser auf Seite 153},
author = {BMU},
file = {:Users/jakoberpf/Library/Application Support/Mendeley Desktop/Downloaded/Unknown - Unknown - Mantelverordnung Entwurf 2017.pdf:pdf},
institution = {Bundes Ministerium f{\"{u}}r Umwelt},
title = {{Entwurf Mantelverordnung 2017 vom 06.02.2017}},
url = {http://www.bmub.bund.de/fileadmin/Daten{\_}BMU/Download{\_}PDF/Gesetze/mantelv{\_}text.pdf},
year = {2017}
}
@article{Newson2002,
abstract = {So-called "nonparametric" statistical methods are often in fact based on population parameters, which can be estimated (with confidence limits) using the corresponding sample statistics. This article reviews the uses of three such parameters, namely Kendall's tau, Somers' D and the Hodges-Lehmann median difference. Confidence intervals for these are demonstrated using the somersd package. It is argued that confidence limits for these parameters, and their differences,are more informative than the traditional practice of reporting only p-values. These three parameters are also important in defining other tests and parameters, such as the Wilcoxon test, the area under the receiver operating characteristic (ROC) curve, Harrell's C, and the Theil median slope. Copyright 2002 by Stata Corporation.},
author = {Newson, Roger Benedict and Newson and Roger},
journal = {Stata Journal},
keywords = {Gehan test,Harrell's C,Hodges-Lehmann median difference,Kendall's tau,ROC area,Somers' D,Theil median slope,Wilcoxon test,confidence intervals,nonparametric methods,rank correlation,rank-sum test},
number = {1},
pages = {45--64},
publisher = {StataCorp LP},
title = {{Parameters behind "nonparametric" statistics: Kendall's tau,Somers' D and median differences}},
url = {https://econpapers.repec.org/RePEc:tsj:stataj:v:2:y:2002:i:1:p:45-64},
volume = {2},
year = {2002}
}
@misc{ASTRA2020,
author = {ASTRA},
title = {{Verkehr - Definitionen}},
url = {https://www.astra.admin.ch/astra/de/home/themen/nationalstrassen/verkehrsfluss-stauaufkommen/definitionen.html},
urldate = {2020-06-19},
year = {2020}
}
@techreport{SWG2013,
author = {SWG},
file = {:Users/jakoberpf/Library/Application Support/Mendeley Desktop/Downloaded/SWG - 2013 - Saarl{\"{a}}ndisches Wassergesetz.pdf:pdf},
title = {{Saarl{\"{a}}ndisches Wassergesetz}},
url = {https://www.saarland.de/dokumente/thema{\_}justiz/753-1.pdf},
year = {2013}
}
@article{TheilsInt02,
author = {Granger, C. W.J. and Newbold, P.},
doi = {10.1080/00036847300000003},
issn = {14664283},
journal = {Applied Economics},
month = {mar},
number = {1},
pages = {35--47},
title = {{Some comments on the evaluation of economic forecasts}},
volume = {5},
year = {1973}
}
@article{Kuch2020,
author = {Kuch, Zita and Erpf, Jakob},
file = {:Users/jakoberpf/Documents/Studium/13. WS 2019$\backslash$:20 MA/Accessibility Planning/Accessibility for All{\_}FINAL.pdf:pdf},
title = {{Accessibility for All}},
volume = {02},
year = {2020}
}
@misc{Farrance2012,
abstract = {The Evaluation of Measurement Data - Guide to the Expression of Uncertainty in Measurement (usually referred to as the GUM) provides general rules for evaluating and expressing uncertainty in measurement. When a measurand, y, is calculated from other measurements through a functional relationship, uncertainties in the input variables will propagate through the calculation to an uncertainty in the output y. The manner in which such uncertainties are propagated through a functional relationship provides much of the mathematical challenge to fully understanding the GUM. The aim of this review is to provide a general overview of the GUM and to show how the calculation of uncertainty in the measurand may be achieved through a functional relationship. That is, starting with the general equation for combining uncertainty components as outlined in the GUM, we show how this general equation can be applied to various functional relationships in order to derive a combined standard uncertainty for the output value of the particular function (the measurand). The GUM equation may be applied to any mathematical form or functional relationship (the starting point for laboratory calculations) and describes the propagation of uncertainty from the input variable(s) to the output value of the function (the end point or outcome of the laboratory calculation). A rule-based approach is suggested with a number of the more common rules tabulated for the routine calculation of measurement uncertainty.},
author = {Farrance, Ian and Frenkel, Robert},
booktitle = {Clinical Biochemist Reviews},
file = {:Users/jakoberpf/Library/Application Support/Mendeley Desktop/Downloaded/Farrance, Frenkel - 2012 - Uncertainty of measurement A review of the rules for calculating Uncertainty components through functional re.pdf:pdf},
issn = {01598090},
number = {2},
pages = {49--75},
pmid = {22896744},
publisher = {The Australian Association of Clinical Biochemists},
title = {{Uncertainty of measurement: A review of the rules for calculating Uncertainty components through functional relationships}},
url = {/pmc/articles/PMC3387884/?report=abstract https://www.ncbi.nlm.nih.gov/pmc/articles/PMC3387884/},
volume = {33},
year = {2012}
}
@article{MollQuadflieg2014,
author = {Moll, B. and Quadflieg, A.},
journal = {Wasser und Abfall (3)},
pages = {10--14},
title = {{Aktualisierung der Ableitung von Geringf{\"{u}}gigkeitsschwellenwerten f{\"{u}}r das Grundwasser}},
year = {2014}
}
@techreport{EUWID2017,
author = {EUWID},
institution = {EUWID - Wasser und Abwasser},
title = {{LAWA aktualisiert Geringf{\"{u}}gigkeitsschwellenwerte f{\"{u}}r Grundwasser | EUWID Wasser und Abwasser}},
url = {https://www.euwid-wasser.de/news/wirtschaft/einzelansicht/Artikel/lawa-aktualisiert-geringfuegigkeitsschwellenwerte-fuer-grundwasser.html},
year = {2017}
}
@book{BenestyChenHuang2009,
abstract = {This chapter develops several forms of the Pearson correlation coefficient in the different domains. This coefficient can be used as an optimization criterion to derive different optimal noise reduction filters [14], but is even more useful for analyzing these optimal filters for their noise reduction performance.},
author = {Benesty, Jacob and Chen, Jingdong and Huang, Yiteng and Cohen, Israel},
doi = {10.1007/978-3-642-00296-0_5},
pages = {1--4},
publisher = {Springer, Berlin, Heidelberg},
title = {{Pearson Correlation Coefficient}},
url = {https://link.springer.com/chapter/10.1007/978-3-642-00296-0{\_}5},
year = {2009}
}
@article{Bossart2017,
author = {Brossart, Daniel F and Laird, Vanessa C and Armstrong, Trey W},
doi = {10.1080/23311908.2018.1518687},
file = {:Users/jakoberpf/Library/Application Support/Mendeley Desktop/Downloaded/Brossart, Laird, Armstrong - 2017 - Cogent Psychology Interpreting Kendall's Tau and Tau-U for single-case experimental designs.pdf:pdf},
issn = {2331-1908},
keywords = {Greek archaeology,classical archaeology,cultural studies,the Second World War},
title = {{Cogent Psychology Interpreting Kendall's Tau and Tau-U for single-case experimental designs}},
url = {https://www.tandfonline.com/action/journalInformation?journalCode=oaps20},
year = {2017}
}
@misc{Sulthan2018,
author = {Sulthan, A},
booktitle = {Researchgate},
title = {{Is Pearson's Correlation coefficient appropriate for non-normal data?}},
url = {https://www.researchgate.net/post/Is{\_}Pearsons{\_}Correlation{\_}coefficient{\_}appropriate{\_}for{\_}non-normal{\_}data},
urldate = {2020-09-28},
year = {2018}
}
@misc{Hemmerich2019,
author = {Hemmerich, W.},
title = {{Cramer's V | StatistikGuru}},
url = {https://statistikguru.de/lexikon/cramers-v.html},
urldate = {2020-10-26},
year = {2019}
}
@article{HuberHelmreichWelker2015,
author = {Huber, M. and Helmreich, B. and Welker, A.},
file = {:Users/jakoberpf/Library/Application Support/Mendeley Desktop/Downloaded/Huber, Helmreich, Welker - 2015 - Einf{\"{u}}hrung in die dezentrale Niederschlagswasserbehandlung f{\"{u}}r Verkehrsfl{\"{a}}chen- und Metalldachabfl.pdf:pdf},
title = {{Einf{\"{u}}hrung in die dezentrale Niederschlagswasserbehandlung f{\"{u}}r Verkehrsfl{\"{a}}chen- und Metalldachabfl{\"{u}}sse}},
url = {https://www.sww.bgu.tum.de/fileadmin/w00bom/www/Forschung/Broschuere{\_}NW-Behandlung{\_}20150908{\_}TUM{\_}Leseprobe.pdf},
year = {2015}
}
@article{Welker20052014,
author = {Welker, A.},
journal = {Schriftenreihe der TU Kaiserslautern, FG Siedlungswasserwirtschaft},
number = {Band 20, Aktualisierter Anhangband},
title = {{Schadstoffstr{\"{o}}me im urbanen Wasserkreislauf - Aufkommen und Verteilung, insbesondere in den Abwasserentsorgungssystemen. Habilitationsschrift.}},
year = {2014}
}
@misc{HERE2020,
author = {HERE},
title = {{HERE Technologies | The world's {\#}1 location platform}},
url = {https://www.here.com/},
urldate = {2020-08-22},
year = {2020}
}
@article{GrwV2010,
abstract = {Diese Verordnung dient der Umsetzung der – Richtlinie 2000/60/EG des Europ{\"{a}}ischen Parlaments und des Rates vom 23. Oktober 2000 zur Schaffung eines Ordnungsrahmens f{\"{u}}r Ma{\ss}nahmen der Gemeinschaft im Bereich der Wasserpolitik (ABl. L 327 vom 22.12.2000, S. 1), die zuletzt durch die Richtlinie 2009/31/EG (ABl. L 140 vom 5.6.2009, S. 114) ge{\"{a}}ndert worden ist, – Richtlinie 2006/118/EG des Europ{\"{a}}ischen Parlaments und des Rates vom 12. Dezember 2006 zum Schutz des Grundwassers vor Verschmutzung und Verschlechterung (ABl. L 372 vom 27.},
author = {GrwV},
file = {:Users/jakoberpf/Library/Application Support/Mendeley Desktop/Downloaded/GrwV - 2010 - Verordnung zum Schutz des Grundwassers (Grundwasserverordnung -GrwV).pdf:pdf},
number = {39},
title = {{Verordnung zum Schutz des Grundwassers (Grundwasserverordnung -GrwV)}},
url = {www.juris.de},
volume = {19},
year = {2010}
}
@techreport{Shaldehi2013,
abstract = {This paper main aim is Eta ($\eta$) correlation ratio in analyzing strongly nonlinear relationship between two Variables in breeding area researches. In researches on a relationship that leads two-Variables correlation to determine correlation coefficient if two Variables would Continual (interval, ratio) and parametric uses Pearson torque correlation and if discrete (ordinal, nominal) or nonparametric uses Spearman Brown. And to determine regression line writes Predicting equation as linear relation and if Variables would be more than two uses multivariable regression. But in many cases relationship between Variables is nonlinear that is useful to analyze data use minimizing practice method. This method could expand in many nonlinear senses. But if relationship between two Variables [both continual] would be strongly nonlinear using minimizing is not suitable. That in this correlation as researcher uses Eta ($\eta$) correlation ratio instead of correlation coefficient obtains efficient result to specify meaningful difference. This paper refers to common methods inefficiency and defects with an example then refers to ($\eta$) advantages, efficiency and how calculating and how using it in practical researches.},
author = {{Hedayatpanah Shaldehi}, Ahmad},
booktitle = {Journal of mathematics and computer science},
file = {:Users/jakoberpf/Library/Application Support/Mendeley Desktop/Downloaded/Hedayatpanah Shaldehi - 2013 - Using Eta ($\eta$) correlation ratio in analyzing strongly nonlinear relationship between two Variables in Pr.pdf:pdf},
keywords = {Eta,correlation,practical researches,ratio,regression,strongly nonlinear},
pages = {213--220},
title = {{Using Eta ($\eta$) correlation ratio in analyzing strongly nonlinear relationship between two Variables in Practical researches}},
volume = {7},
year = {2013}
}
@misc{Stmi2020,
author = {Stmi},
title = {{Bayerische Verkehrsunfallstatistik 2019 - Bayerisches Staatsministerium des Innern, f{\"{u}}r Sport und Integration}},
url = {https://www.stmi.bayern.de/med/aktuell/archiv/2020/200220-verkehrsunfallstatistik-2019/index.php},
urldate = {2020-09-14},
year = {2020}
}
@incollection{Benninghaus2007,
author = {Benninghaus, Hans},
booktitle = {Deskriptive Statistik},
doi = {10.1007/978-3-531-90739-0_8},
pages = {228--249},
publisher = {VS Verlag f{\"{u}}r Sozialwissenschaften},
title = {{Die Beschreibung der Beziehung zwischen einer nominalen und einer metrischen Variablen}},
url = {https://link.springer.com/chapter/10.1007/978-3-531-90739-0{\_}8},
year = {2007}
}
@misc{Tenny2020,
author = {Tenny, Steven and Abdelgawad, Ibrahim},
title = {{Statistical Significance}},
url = {https://www.ncbi.nlm.nih.gov/books/NBK459346/},
urldate = {2020-11-11},
year = {2020}
}
@article{LangeOlsson2017,
author = {Lange, J. and Olsson, O. and Jackisch, N. and Weber, T. and Hensen, B. and Zieger, F. and Schuetz, T. and K{\"{u}}mmerer, K.},
journal = {Korrespondenz Wasserwirtschaft},
pages = {Nr. 4, S.198--202},
title = {{Urbane Regenwasserversickerung als Eintragspfad f{\"{u}}r biozide Wirkstoffe in das Grundwasser?}},
year = {2017}
}
@article{ES-3.72017,
author = {{DWA-Arbeitsgrupe ES-3.7}},
journal = {Geplante Ver{\"{o}}ffentlichung in Korrespondenz Abwasser},
number = {Abfall (64), Nr.7},
title = {{Zweiter Arbeitsbericht der DWA-Arbeitsgruppe ES-3.7 „Dezentrale Anlagen zur Niederschlagswasserbehandlung“}},
year = {2017}
}
@misc{Laerd2020,
author = {Laerd},
title = {{Understanding the different types of variable in statistics | Laerd Statistics}},
url = {https://statistics.laerd.com/statistical-guides/types-of-variable.php},
urldate = {2020-09-17},
year = {2020}
}
@misc{BMUB2017,
author = {BMUB},
title = {{Reduzierung des Fl{\"{a}}chenverbrauchs}},
url = {http://www.bmub.bund.de/themen/nachhaltigkeit-internationales/nachhaltige-entwicklung/strategie-und-umsetzung/reduzierung-des-flaechenverbrauchs/},
urldate = {2017-10-12},
year = {2017}
}
@techreport{LFUMetall,
author = {LfU},
institution = {Bayerisches Landesamt f{\"{u}}r Umwelt},
title = {{Metalld{\"{a}}cher - LfU Bayern Verzeichniss}},
url = {https://www.lfu.bayern.de/wasser/niederschlagswasser{\_}umgang/versickerung/metalldaecher/index.htm},
year = {2017}
}
@misc{trafficon2017,
author = {Trafficon},
title = {{ArbIS - Arbeitsstellenintegrationssystem - Betreuung und Datenbankpflege}},
url = {https://www.trafficon.eu/projekte/arbis-arbeitsstellenintegrationssystem/},
urldate = {2020-06-24},
year = {2017}
}
@techreport{Dalatu2016,
abstract = {Data mining responsibilities show the broad features of the data in the database and also examine the current data in order to determine some arrangements. While, clustering establishes an important part of professed data mining, a procedure of exploring and analyzing large volumes of data in order to determine valuable information. Outliers are points that do not conform with the common performance of the data. Therefore, we applied the K-Means and K-Medians clustering algorithms to calculate the run time complexity analysis in identification of outliers in clustering analysis. The result shows that the K-Medians clustering algorithm with the use of medians served as robust for its faster and effective run time facilities better performance compared to the K-Means clustering algorithm in detecting outliers.},
author = {Dalatu, Paul Inuwa},
booktitle = {Global Journal of Pure and Applied Mathematics},
file = {:Users/jakoberpf/Library/Application Support/Mendeley Desktop/Downloaded/Dalatu - 2016 - Time Complexity of K-Means and K-Medians Clustering Algorithms in Outliers Detection.pdf:pdf},
keywords = {AMS subject classification: Keywords: Outliers,Clustering,Simulation,Time complexity},
number = {5},
pages = {4405--4418},
title = {{Time Complexity of K-Means and K-Medians Clustering Algorithms in Outliers Detection}},
url = {http://www.ripublication.com/gjpam.htm},
volume = {12},
year = {2016}
}
@article{BBoSchV1999,
author = {BBodSchV},
journal = {BGBI. Nr. 36 vom 12. Juli 1999},
pages = {S. 1554},
title = {{Bundes-Bodenschutz- und Altlastenverordnung}},
year = {1999}
}
@misc{IZM2020,
author = {IZM},
title = {{Wie entwickelt sich die Mobilfunknutzung weltweit?}},
url = {https://www.informationszentrum-mobilfunk.de/wirtschaft-gesellschaft/wirtschaftsfaktor/mobilfunknutzung-international},
urldate = {2020-10-13},
year = {2020}
}
@misc{ADAC2019,
author = {ADAC},
title = {{Staubilanz 2019 – Weniger, daf{\"{u}}r l{\"{a}}ngere Staus | ADAC}},
url = {https://www.adac.de/verkehr/verkehrsinformationen/staubilanz/},
urldate = {2020-09-07},
year = {2019}
}
@techreport{DiBtTeil12015,
address = {Berlin},
author = {DIBt},
institution = {Deutschen Institut f{\"{u}}r Bautechnik},
title = {{Zulassungsgrunds{\"{a}}tze f{\"{u}}r Niederschlagswasserbehandlungsanlagen. Teil 1: Anlagen zur dezentralen Behandlung des Abwassers von Kfz-Verkehrsfl{\"{a}}chen zur anschlie{\ss}enden Versickerung in Boden und Grundwasser.}},
year = {2015}
}
@article{Kessler2020,
abstract = {This paper introduces a methodology which identifies congestion hot spots for individual congestion types. The proposed algorithm first isolates coherent congested clusters out of a spatio-temporally discretized speed matrix. Then, virtually driven trajectories which pass through the respective congestion area are calculated and their speed profiles are analyzed. A congestion type is assigned to each trajectory and thereafter, a congestion type for the overall cluster is determined. Considering the spatial and temporal start and end points of each cluster along with its assigned congestion type, accumulated occurrences of congestion are determined. The methodology is applied to data derived from speed sensors along the Bavarian freeway A9 in Germany. The results show a high share of Stop and Go traffic in the Greater Munich Area. All over the considered stretch, Jam Waves occur frequently, limited to a few locations but widely spread in time. I. MOTIVATION Congestion accumulation points in both time and space can be experienced by anybody traveling regularly on roadways. There exist certain time slots (rush hours) where one may wish to avoid being on a freeway and also certain locations where the probability of congestion is high and an increase in the travel time is most likely. Several studies have been executed dealing with congestion patterns and congestion hot spots. In [1], congestion classification on alpine freeways is described. The authors of [2] discuss an advanced incident detection algorithm. In [3], freeway bottlenecks are identified. In addition, there exist studies published by public authorities, such as [4] and [5], which discuss spatial and temporal congestion statistics in general. One common open research question is the treatment of different congestion types and their accumulated occurrences. The existence of different types of congestion sparks a need for a methodology for their differentiation, as traffic information and control measures should be adjusted based on the type of congestion. This research focuses on the differentiation of several congestion types and proposes a methodology to automatically determine their respective accumulated occurrences. An algorithm is presented which considers spatio-temporally discretized speeds and identifies coherent congestion clusters. Then, it determines the congestion type of each cluster using virtual trajectories driving through the congested regime. As a third step, the temporal and spatial occurrences of the respective congestion start and This work is part of the ViM project and has been funded by the Bavarian Ministry of Economic Affairs, Regional Development and Energy (StMWi) through the Center Digitization.Bavaria, an initiative of the Bavarian State Government. end points are computed. While considering spatio-temporal areas of several similar time frames (e.g. days), congestion hot spots can be investigated. The overall goal is to obtain more detailed dynamic traffic information and to be able to warn drivers early against traffic incidents. By identifying and localizing hot spots, freeway operators can control traffic in an optimized way. This paper is structured as follows. Section II illustrates the definition of occurring congestion patterns. Four congestion types proposed in [6] are explained and additionally, lane-specific congestion is defined. In section III, the identification of separated congested regimes and the aggregation to clusters is presented. Furthermore, the assignment of a congestion type to each congested cluster is given. Section IV contains the application of the proposed methodology to data derived from the German autobahn A9. Section V gives a summary of the results and an outlook on future research. II. DEFINITION OF CONGESTION PATTERNS Emerging congestion can have many causes, each of which behaves individually in its spatial and temporal congested extensions. In order to optimize traffic control, each type of congestion needs a different treatment. This section aims at presenting congestion types according to their characteristics to receive a more accurate ground truth. Kerner et al. [7], [8], [9], [10] distinguished between three traffic phases (free-flow, synchronized flow, and wide moving jam), two of which concern congested areas. Helbing et al. [11] extended the prevailing traffic conditions in congestion to five phases. In [6], four congestion types were examined. In section II-B, these four types are explained in detail. Section II-C introduces a lane-specific congestion type in which speed propagation behaves differently on individual lanes. A. Preliminaries A spatio-temporally discretized speed matrix forms the basis of the analyses. Sensors (either by direct local speed measurements or by deriving speeds from travel time measurements) generate a speed distribution over time for certain locations or segments on the road. Let the speed matrix be available for a road stretch X and a time period T. A spatio-temporal speed function v = v(x, t) returns the speed value for any location x ∈ X and any time t ∈ T. Furthermore, let X be separated into a set of links {\{}x i {\}} i=1,...,m , the spatial resolution of the speed data. Similarly, let T be separated into a set of time intervals {\{}t j {\}} j=1,...,n. Sets {\{}x i {\}} and {\{}t j {\}} separate the spatio-temporal area X × T into a grid, and function v is constant inside each cell x i × t j of this},
author = {Kessler, Lisa and Karl, Barbara and Bogenberger, Klaus},
file = {:Users/jakoberpf/Library/Application Support/Mendeley Desktop/Downloaded/Kessler, Karl, Bogenberger - 2020 - Congestion Hot Spot Identification using Automated Pattern Recognition.pdf:pdf},
isbn = {9781728141480},
pages = {1711--1717},
title = {{Congestion Hot Spot Identification using Automated Pattern Recognition}},
volume = {2020},
year = {2020}
}
@techreport{TRENGW2008,
author = {BMUG},
institution = {Bayerischen Staatsministeriums f{\"{u}}r Umwelt und Gesundheit},
title = {{TRENGW: Technische Regeln zum schadlosen Einleiten von gesammeltem Niederschlagswasser in das Grundwasser - B{\"{u}}rgerservice}},
url = {http://www.gesetze-bayern.de/Content/Document/BayVwV154851/true},
year = {2008}
}
@techreport{LfUWRRL,
author = {LfU},
institution = {Bayerisches Landesamt f{\"{u}}r Umwelt},
title = {{Unsere Gew{\"{a}}sser - so nat{\"{u}}rlich wie m{\"{o}}glich}},
url = {https://www.lfu.bayern.de/wasser/wrrl/index.htm},
year = {2017}
}
@book{BardtFritsch2014,
author = {Bardt, Hubertus and Chrischilles, Esther and Fritsch, Manuel},
file = {:Users/jakoberpf/Library/Application Support/Mendeley Desktop/Downloaded/Bardt et al. - 2014 - Forschungsberichte aus dem Institut der deutschen Wirtschaft K{\"{o}}ln Die Infrastruktur in Deutschland Zwischen Stand.pdf:pdf},
isbn = {978-3-602-14933-9},
publisher = {NaN},
title = {{Forschungsberichte aus dem Institut der deutschen Wirtschaft K{\"{o}}ln Die Infrastruktur in Deutschland Zwischen Standortvorteil und Investitionsbedarf}},
url = {http://www.dnb.de},
year = {2014}
}
@techreport{SEK2011,
author = {SEK},
institution = {Stadtentw{\"{a}}sserungsbetriebe K{\"{o}}ln},
title = {{Dezentrale Niederschlagswasserbehandlung in Trennsystemen – Umsetzung des Trennerlasses. Forschungsvorhaben gef{\"{o}}rdert vom Ministerium f{\"{u}}r Klimaschutz, Umwelt, Landwirtschaft, Natur- und Verbraucherschutz des Landes Nordrhein}},
year = {2011}
}
@article{Zhao2018,
abstract = {Density-based spatial clustering of applications with noise (DBSCAN) algorithm can find clusters of arbitrary shape, while the noise points can be removed. Membrane computing is a novel research branch of bio-inspired computing, which seeks to discover new computational models/framework from biological cells. The obtained parallel and distributed computing models are usually called P systems. In this work, DBSCAN algorithm is improved by using parallel evolution mechanism and hierarchical membrane structure in cell-like P systems with promoters and inhibitors, where promoters and inhibitors are utilized to regulate parallelism of objects evolution. Experiment results show that the proposed algorithm performs well in big cluster analysis. The time complexity is improved to O(n), in comparison with conventional DBSCAN of O(n 2 ). The results give some hints to improve conventional algorithms by using the hierarchical framework and parallel evolution mechanism in membrane computing models.},
author = {Zhao, Yuzhen and Liu, Xiyu and Li, Xiufeng},
doi = {10.1371/journal.pone.0200751},
editor = {Sakakibara, Manabu},
file = {:Users/jakoberpf/Library/Application Support/Mendeley Desktop/Downloaded/Zhao, Liu, Li - 2018 - An improved DBSCAN algorithm based on cell-like P systems with promoters and inhibitors.pdf:pdf},
issn = {1932-6203},
journal = {PLOS ONE},
keywords = {Algorithms,Cellular types,Clustering algorithms,Data mining,Data processing,Machine learning algorithms,Membrane structures,Parallel evolution},
month = {dec},
number = {12},
pages = {e0200751},
publisher = {Public Library of Science},
title = {{An improved DBSCAN algorithm based on cell-like P systems with promoters and inhibitors}},
url = {https://dx.plos.org/10.1371/journal.pone.0200751},
volume = {13},
year = {2018}
}
@misc{Chauhan2020,
author = {Chauhan, Nagesh Singh},
booktitle = {KD Nugget},
title = {{DBSCAN Clustering Algorithm in Machine Learning}},
url = {https://www.kdnuggets.com/2020/04/dbscan-clustering-algorithm-machine-learning.html},
urldate = {2020-10-11},
year = {2020}
}
@article{ImielinskiNavas1996,
author = {Imielinski, T. and Navas, J.},
title = {{GPS-Based Addressing and Routing}},
year = {1996}
}
@misc{TRB2003,
author = {TRB},
booktitle = {Transportation Research Board},
title = {{Providing a Highway System with Reliable Travel Times | Blurbs New | Blurbs | Main}},
url = {http://www.trb.org/Main/Blurbs/153181.aspx},
urldate = {2020-10-14},
year = {2003}
}
@inproceedings{Hoppe2015,
author = {Hoppe, H.},
booktitle = {IKT- Forum Niederschlagswasser - Vegetation {\&} Infrastruktur 2015},
pages = {Tagungsband, S. 70--82},
title = {{Planung und bedarfsorientierter Betrieb von dezentralen Regenwasserbehandlungsanlagen – Erfahrungen aus der Praxis}},
year = {2015}
}
@misc{Akoglu2018,
abstract = {When writing a manuscript, we often use words such as perfect, strong, good or weak to name the strength of the relationship between variables. However, it is unclear where a good relationship turns into a strong one. The same strength of r is named differently by several researchers. Therefore, there is an absolute necessity to explicitly report the strength and direction of r while reporting correlation coefficients in manuscripts. This article aims to familiarize medical readers with several different correlation coefficients reported in medical manuscripts, clarify confounding aspects and summarize the naming practices for the strength of correlation coefficients.},
author = {Akoglu, Haldun},
booktitle = {Turkish Journal of Emergency Medicine},
doi = {10.1016/j.tjem.2018.08.001},
file = {:Users/jakoberpf/Library/Application Support/Mendeley Desktop/Downloaded/Akoglu - 2018 - User's guide to correlation coefficients.pdf:pdf},
issn = {24522473},
keywords = {Correlation coefficient,Cramer's,Interpretation,Lin's,Pearson's,Spearman's},
month = {sep},
number = {3},
pages = {91--93},
publisher = {Emergency Medicine Association of Turkey},
title = {{User's guide to correlation coefficients}},
url = {/pmc/articles/PMC6107969/?report=abstract https://www.ncbi.nlm.nih.gov/pmc/articles/PMC6107969/},
volume = {18},
year = {2018}
}
@misc{LAPID2020,
author = {LAPID},
title = {{Staumeldesysteme und Floating Data (FCD/FPD)}},
url = {https://blog.lapid.de/staumeldesysteme-und-floating-data},
urldate = {2020-06-19},
year = {2020}
}
@techreport{MKULNVNRW2014,
author = {Welker, A.},
institution = {Ministeriums f{\"{u}}r Klimaschutz, Umwelt, Landwirtschaft, Natur- und Verbraucherschutz des Landes Nordrhein-Westfalen; Fachhochschule Frankfurt am Main},
title = {{Pr{\"{u}}fvorschrift f{\"{u}}r dezentrale Behandlungsanlagen f{\"{u}}r Verkehrsfl{\"{a}}chenabfl{\"{u}}sse bei Einleitung in Oberfl{\"{a}}chengew{\"{a}}sser}},
year = {2014}
}
@article{Sun2016,
abstract = {Urban expressways are the key components of the urban traffic network. The traffic safety situation on expressways directly influences the efficiency of the whole network. A total of 48,325 crashes were recorded by Shanghai Expressway Surveillance System in a three-year period. Considering the different crash mechanisms under different congestion levels, models for the total crashes, non-congested-flow crashes and congested-flow crashes were respectively formulated based on the real-time traffic condition corresponding to each crash. Moreover, considering the potential spatial correlation among segments, the adjacent-correlated spatial and distance-correlated spatial models were formulated and compared to the traditional non-spatial-correlated model. A Bayesian approach was employed to estimate the parameters. The results showed that the congestion index, merging ratio, ramp density, and average daily traffic significantly affect the crash frequency. The safety factors in non-congested flow and congested flow are different; diverging behavior is more risky in non-congested flow, more lanes tend to increase the risk of crashes in congested flow, and horizontal curves tend to decrease the crash risk in congested flow but cause high risk in non-congested flow. In addition, the distance-correlated spatial model is found to be the best-fitting model. The results of this study suggested that dedicated safety countermeasures can be designed for different traffic situations on urban expressways.},
author = {Sun, Jian and Li, Tienan and Li, Feng and Chen, Feng},
doi = {10.1016/j.aap.2015.12.011},
issn = {00014575},
journal = {Accident Analysis and Prevention},
keywords = {Bayesian approach,Congestion index,Safety,Spatial correlation,Traffic situation,Urban expressway},
pages = {503--511},
pmid = {26721569},
publisher = {Elsevier Ltd},
title = {{Analysis of safety factors for urban expressways considering the effect of congestion in Shanghai, China}},
volume = {95},
year = {2016}
}
@techreport{Tate1954,
author = {Tate, Robert F},
booktitle = {Source: The Annals of Mathematical Statistics},
file = {:Users/jakoberpf/Library/Application Support/Mendeley Desktop/Downloaded/Tate - 1954 - Correlation Between a Discrete and a Continuous Variable. Point-Biserial Correlation.pdf:pdf},
number = {3},
pages = {603--607},
title = {{Correlation Between a Discrete and a Continuous Variable. Point-Biserial Correlation}},
volume = {25},
year = {1954}
}
@misc{Glen2018,
author = {Glen, Stephanie},
booktitle = {Welcome to Statistics How To!" From StatisticsHowTo.com: Elementary Statistics for the rest of us!},
title = {{Uncertainty Coefficient: Definition}},
url = {https://www.statisticshowto.com/uncertainty-coefficient/},
urldate = {2020-10-19},
year = {2018}
}
@techreport{LAWA2004,
address = {D{\"{u}}sseldorf},
author = {LAWA},
institution = {Bund/L{\"{a}}nder-Arbeitsgemeinschaft Wasser},
title = {{Ableitung von Geringf{\"{u}}gigkeitsschwellenwerten f{\"{u}}r das Grundwasser}},
url = {http://www.lawa.de/documents/GFS-Bericht-DE{\_}a8c.pdf},
year = {2004}
}
@article{Santhanam2010,
abstract = {Problem statement: Clustering is one of the most important research areas in the field of data mining. Clustering means creating groups of objects based on their features in such a way that the objects belonging to the same groups are similar and those belonging to different groups are dissimilar. Clustering is an unsupervised learning technique. The main advantage of clustering is that interesting patterns and structures can be found directly from very large data sets with little or none of the background knowledge. Clustering algorithms can be applied in many domains. Approach: In this research, the most representative algorithms K-Means and K-Medoids were examined and analyzed based on their basic approach. The best algorithm in each category was found out based on their performance. The input data points are generated by two ways, one by using normal distribution and another by applying uniform distribution. Results: The randomly distributed data points were taken as input to these algorithms and clusters are found out for each algorithm. The algorithms were implemented using JAVA language and the performance was analyzed based on their clustering quality. The execution time for the algorithms in each category was compared for different runs. The accuracy of the algorithm was investigated during different execution of the program on the input data points. Conclusion: The average time taken by K-Means algorithm is greater than the time taken by K-Medoids algorithm for both the case of normal and uniform distributions. The results proved to be satisfactory.},
author = {Santhanam, T and Velmurugan, T},
file = {:Users/jakoberpf/Library/Application Support/Mendeley Desktop/Downloaded/Santhanam, Velmurugan - 2010 - Computational Complexity between K-Means and K-Medoids Clustering Algorithms for Normal and Uniform Distr.pdf:pdf},
issn = {1549-3636},
journal = {Journal of Computer Science},
keywords = {K-Means clustering,K-Medoids clustering,cluster analysis,data clustering},
number = {3},
pages = {363--368},
title = {{Computational Complexity between K-Means and K-Medoids Clustering Algorithms for Normal and Uniform Distributions of Data Points}},
volume = {6},
year = {2010}
}
@techreport{Hatbauer2011,
author = {Hatbauer, Julian},
file = {:Users/jakoberpf/Library/Application Support/Mendeley Desktop/Downloaded/Julian - Unknown - BENCHMARKING DER VERKEHRSQUALIT{\"{A}}T IM {\"{O}}STERREICHISCHEN AUTOBAHN-UND SCHNELLSTRASSENNETZ.pdf:pdf},
title = {{BENCHMARKING DER VERKEHRSQUALIT{\"{A}}T IM {\"{O}}STERREICHISCHEN AUTOBAHN-UND SCHNELLSTRASSENNETZ}}
}
@misc{OutsideTwoStandardDeviations2018,
author = {{Outside Two Standard Deviations}},
title = {{An overview of correlation measures between categorical and continuous variables | by Outside Two Standard Deviations | Medium}},
url = {https://medium.com/@outside2SDs/an-overview-of-correlation-measures-between-categorical-and-continuous-variables-4c7f85610365},
urldate = {2020-09-07},
year = {2018}
}
@techreport{WERZ2017,
author = {WERZ},
institution = {Institut f{\"{u}}r Wissen Energie und Rohstoffe ZUG},
title = {{Schadstoffe aus dem Regenwasser entfernen}},
url = {https://www.werz.hsr.ch/index.php?id=16716},
year = {2017}
}
@inproceedings{WelkerHuberDierschkeHelmreich2015,
address = {Stuttgart},
author = {Welker, A. and Huber, M. and Dierschke, M. and Drewes, J. E. and Helm­reich, B.},
booktitle = {Aqua Urbanica 2015},
isbn = {9783835672925},
number = {225},
pages = {91--107},
series = {Stuttgarter Berichte zur Siedlungswasserwirtschaft},
title = {{Weitergehende Anforderungen an dezentrale Behandlungsanlagen f{\"{u}}r Verkehrsfl{\"{a}}chenabfl{\"{u}}sse: organische Schad­stoffe und Phosphor}},
year = {2015}
}
@techreport{Piegorsch2002,
author = {Piegorsch, Walter W},
file = {:Users/jakoberpf/Library/Application Support/Mendeley Desktop/Downloaded/Piegorsch, Piegorsch - 2002 - TABLES OF P-VALUES FOR t-AND CHI-SQUARE REFERENCE DISTRIBUTIONS.pdf:pdf},
title = {{TABLES OF P-VALUES FOR t-AND CHI-SQUARE REFERENCE DISTRIBUTIONS}},
year = {2002}
}
@techreport{LUA2017,
author = {LUA},
institution = {Landesamt f{\"{u}}r Umwelt- und Arbeitsschutz},
title = {{Niederschlagswasser | Saarland.de}},
url = {https://www.saarland.de/77685.htm},
year = {2017}
}
@misc{Padro2017,
author = {do Prado, Kelvin Salton},
booktitle = {Towards Data Science},
title = {{How DBSCAN works and why should we use it?}},
url = {https://towardsdatascience.com/how-dbscan-works-and-why-should-i-use-it-443b4a191c80},
urldate = {2020-10-19},
year = {2017}
}
@techreport{EuropeanCommission2016,
author = {{European Commission}},
institution = {European Commission},
title = {{EU Reference Scenario 2016: Energy, Transport and GHG Emissions Trends to 2050}},
url = {ec.europa.eu/energy/sites/ener/files/docu- ments/ref2016{\_}report{\_}final-web.pdf},
year = {2016}
}
@misc{Yildirim2020,
author = {Yildirim, Soner},
booktitle = {Towards Data Science},
title = {{DBSCAN Clustering — Explained. Detailed theorotical explanation and scikit-learn implementation.}},
url = {https://towardsdatascience.com/dbscan-clustering-explained-97556a2ad556},
urldate = {2020-10-11},
year = {2020}
}
@unpublished{Josiger2010,
author = {Josiger, Marcus and Kirchner, Kathrin},
file = {:Users/jakoberpf/Library/Application Support/Mendeley Desktop/Downloaded/Josiger, Kirchner - 2010 - Moderne Clusteralgorithmen – eine vergleichende Analyse aufzweidimensionalen Daten.pdf:pdf},
institution = {Friedrich–Schiller–Universit ̈at Jena},
title = {{Moderne Clusteralgorithmen – eine vergleichende Analyse aufzweidimensionalen Daten}},
year = {2010}
}
@article{TheilsInt03,
abstract = {Forecasters are concerned with the accuracy of a forecast and whether the forecast can be modified to yield an improved performance. Theil has proposed statistics to measure forecast performance and to identify components of forecast error. However, the most commonly used of Theil's statistics have been shown to have serious shortcomings. This paper discusses Theil's decomposition of forecast error into bias, regression and disturbance proportions. Examples using price expectations and new housing starts data are given to show how decomposition suggests a linear correction procedure that may improve forecast accuracy. Copyright {\textcopyright} 1984 John Wiley {\&} Sons, Ltd.},
author = {Ahlburg, Dennis A.},
doi = {10.1002/for.3980030313},
issn = {1099131X},
journal = {Journal of Forecasting},
keywords = {Forecast accuracy,Forecast evaluation,Price expectations,Theil decomposition},
number = {3},
pages = {345--351},
title = {{Forecast evaluation and improvement using theil's decomposition}},
volume = {3},
year = {1984}
}
@inproceedings{Hoppe2017,
address = {Graz},
author = {Hoppe, H.},
booktitle = {Aqua Urbanica 2017},
title = {{Urbanes Niederschlagswassermanagement zwischen zentralen und dezentralen Ma{\ss}nahmen}},
url = {http://lampx.tugraz.at/{~}karl/verlagspdf/Schriftenreihe{\_}Wasserwirtschaft{\_}75{\_}Tagungsbd{\_}Aqua{\_}Urbanica{\_}2017.pdf},
year = {2017}
}
@misc{NWFreiV2000,
author = {NWFreiV},
title = {{NWFreiV: Verordnung {\"{u}}ber die erlaubnisfreie schadlose Versickerung von gesammeltem Niederschlagswasser (Niederschlagswasserfreistellungsverordnung – NWFreiV) Vom 1. Januar 2000 GVBl. S. 30) BayRS 753-1-18-U ({\S}{\S} 1–5) - B{\"{u}}rgerservice}},
url = {http://www.gesetze-bayern.de/Content/Document/BayNWFreiV},
urldate = {2017-10-15},
year = {2000}
}
@phdthesis{Busch2004,
author = {Busch, Michael},
file = {:Users/jakoberpf/Library/Application Support/Mendeley Desktop/Downloaded/Busch - 2004 - Analyse dichtebasierter Clusteralgorithmen am Beispiel von DBSCAN und MajorClust.pdf:pdf},
school = {Universit{\"{a}}t Paderborn},
title = {{Analyse dichtebasierter Clusteralgorithmen am Beispiel von DBSCAN und MajorClust}},
year = {2005}
}
@article{Lewis2012,
abstract = {Eta is a coefficient of nonlinear association. For linear relationships, eta equals the correlation coefficient (Pearson's r). For nonlinear relationships it is greater-hence the difference between eta and r is a measure of the extent of nonlinearity of relationship. Just as r 2 is interpreted as the percent of variance in one variable explained linearly by the other, eta 2 is the percent of variance in the dependent variable explained linearly or nonlinearly by the independent variable. This interpretation requires that the dependent variable be interval in level, and the independent variable be categorical (nominal, ordinal, or grouped interval). In SPSS, select Analyze, compare Means, Means; click Options; select Anova table and eta. Alternatively, select Analyze, Crosstabs; click Statistics, select eta. Key Concepts and Terms Relationship to ANOVA. Eta is a measure of strength of relationship based on sums of squares computed in analysis of variance. However, eta may be a useful coefficient outside the context of ANOVA. Eta equals the square root of the sum of squares for an interval variable y between classes (columns) divided by the total sum of squares. The numerator and denominator in this formula have meanings as in ANOVA, and to the extent that x and y are linearly or nonlinearly related, the numerator will be as large as the denominator and eta will approach 1.0. Computation. Eta 2 is computed as between-groups sum of squares divided by total sum of squares (see the section on ANOVA). In the example in the table below, data are given for two variables, x and y. Note that eta requires larger frequencies than are contained in this table, but small values are used for simplicity of computational example. The raw x-y data are shown in the upper left corner of this figure. The x data are grouped into ranges to increase the frequency count for each of the y classes. After grouping, x ranges from 0 to 9. Visual inspection of the table of joint frequencies of x and y shows a curvilinear relationship.},
author = {{Sir Arthur Lewis Institute}},
file = {:Users/jakoberpf/Library/Application Support/Mendeley Desktop/Downloaded/Sir Arthur Lewis Institute - 2012 - Nominal-by-Interval Association Eta , the Correlation Ratio.pdf:pdf},
journal = {Quantitative Methods in Public Administration},
pages = {9--12},
title = {{Nominal-by-Interval Association Eta , the Correlation Ratio}},
year = {2012}
}
@misc{Harris2019,
author = {Harris, Richard},
booktitle = {NPR Science},
title = {{'Statistical Significance' Is Overused And Often Misleading : Shots - Health News : NPR}},
url = {https://www.npr.org/sections/health-shots/2019/03/20/705191851/statisticians-call-to-arms-reject-significance-and-embrace-uncertainty?t=1600534742009{\&}t=1605086473289},
urldate = {2020-11-11},
year = {2019}
}
@techreport{ADAC2017,
address = {M{\"{u}}nchen},
author = {ADAC},
file = {:Users/jakoberpf/Library/Application Support/Mendeley Desktop/Downloaded/ADAC - 2017 - Die Evolution der Mobilität.pdf:pdf},
institution = {Zukunftsinstitut GmbH},
title = {{Die Evolution der Mobilität}},
year = {2017}
}
@misc{NWFreiVBerlin,
abstract = {VIS BE NWFreiV | Landesnorm Berlin | Gesamtausgabe | Verordnung {\"{u}}ber die Erlaubnisfreiheit f{\"{u}}r das schadlose Versickern von Niederschlagswasser (Niederschlagswasserfreistellungsverordnung - NWFreiV) vom 24. August 2001 | g{\"{u}}ltig ab: 13.09.2001},
author = {Berlin},
title = {{VIS BE NWFreiV | Landesnorm Berlin | Gesamtausgabe | Verordnung {\"{u}}ber die Erlaubnisfreiheit f{\"{u}}r das schadlose Versickern von Niederschlagswasser}},
url = {http://gesetze.berlin.de/jportal/?quelle=jlink{\&}query=NiedSchlWasV+BE{\&}psml=bsbeprod.psml{\&}max=true{\&}aiz=true},
urldate = {2017-08-31},
year = {2001}
}
@techreport{LAWA2017,
author = {LAWA},
file = {:Users/jakoberpf/Library/Application Support/Mendeley Desktop/Downloaded/LAWA - 2017 - Jahresbericht 2016.pdf:pdf},
institution = {Bund/L{\"{a}}nder-Arbeitsgemeinschaft Wasser},
title = {{Jahresbericht 2016}},
url = {http://www.lawa.de/documents/20170209{\_}LAWA{\_}Jahresbericht{\_}2016{\_}end{\_}(1){\_}045.pdf},
year = {2017}
}
@article{TheilsInt01,
abstract = {Theil's coefficient of inequality is one of the statistical forecasting evaluators frequently cited in the literature [1-7]. However, there seems to be some confusion about this coefficient which may stem from the fact that Theil himself proposed two different formulae at different times under the same name. Both are called "coefficient of inequality" and labeled with the symbol "U." In addition, there are two different interpretations possible for the formula first proposed.},
author = {Bliemel, Friedhelm},
doi = {10.2307/3149394},
issn = {00222437},
journal = {Journal of Marketing Research},
month = {nov},
number = {4},
pages = {444},
publisher = {JSTOR},
title = {{Theil's Forecast Accuracy Coefficient: A Clarification}},
volume = {10},
year = {1973}
}
@techreport{DWA2005,
address = {Hennef},
author = {DWA},
institution = {Deutsche Vereinigung f{\"{u}}r Wasserwirtschaft Abwasser und Abfall eV.},
isbn = {3-937758-66-6},
publisher = {DWA},
title = {{DWA-A 138 (2005): Planung, Bau und Betrieb von Anlagen zur Versickerung von Niederschlagswasser}},
year = {2005}
}
@misc{Jamovi2020,
author = {The jamovi project},
title = {{jamovi - Stats. Open. Now.}},
url = {https://www.jamovi.org/},
year = {2020}
}
@article{WelkerHuber2014,
author = {Welker, A. and Huber, M.},
journal = {42. Abwassertechnisches Seminar: Zukunftsf{\"{a}}hige Bewirtschaftungskonzepte f{\"{u}}r Niederschlagswasser, Berichte aus der Siedlungswasserwirtschaft der Technisch, Garching, 10.07.2014},
title = {{Dezentrale Behandlungsanlagen f{\"{u}}r Verkehrsfl{\"{a}}chenabfl{\"{u}}sse – Stand der Technik}},
year = {2014}
}
@techreport{BMUNBR2017,
author = {BMUNBR},
institution = {Bundes Ministerium f{\"{u}}r Umwelt, Naturschutz Bau und Reaktorsicherheit},
title = {{Umwelt-Rechtsbehelfsgesetz - UmwRG}},
url = {http://www.bmub.bund.de/themen/umweltinformation-bildung/umweltinformation/umweltinformation-download/artikel/umwelt-rechtsbehelfsgesetz-umwrg/},
year = {2017}
}
@misc{Bortz2004,
author = {Bortz, J{\"{u}}rgen},
title = {{Statistik: f{\"{u}}r Human- und Sozialwissenschaftler - J{\"{u}}rgen Bortz - Google Books}},
url = {https://books.google.de/books?hl=de{\&}lr={\&}id=6s0mBAAAQBAJ{\&}oi=fnd{\&}pg=PA1{\&}dq=J{\"{u}}rgen+Bortz:+Statistik+f{\"{u}}r+Human-+und+Sozialwissenschaftler{\&}ots=a7b9Q8dA-G{\&}sig=I1HnVe61Jrn2fiTm1VNsXylHJHM{\#}v=onepage{\&}q=J{\"{u}}rgen Bortz{\%}3A Statistik f{\"{u}}r Human- und Sozialwissenschaftler},
urldate = {2020-09-17},
year = {2004}
}
@book{Dauber1979,
address = {M{\"{u}}nchen},
author = {Dauber, W. and Au, M. and Stechmann, H.},
booktitle = {Stuttgarter Berichte zur Siedlunsgwasserwirtschaft. Beeinflussung der Gew{\"{a}}sserg{\"{u}}te durch Regenabfl{\"{u}}sse von Stra{\ss}en.},
number = {Band 64, Oldenbourg Verlag},
pages = {41--57},
title = {{Schmutzstoffe im Regenwasserkanal einer Autobahn.}},
year = {1979}
}
@techreport{SAGE2014,
author = {SAGE},
file = {:Users/jakoberpf/Library/Application Support/Mendeley Desktop/Downloaded/Unknown - 2014 - Learn to Use the Eta Coefficient Test in R With Data From the NIOSH Quality of Worklife Survey Learn to Use the Eta Coe.pdf:pdf},
title = {{Learn to Use the Eta Coefficient Test in R With Data From the NIOSH Quality of Worklife Survey Learn to Use the Eta Coefficient Test in R With Data From the NIOSH Quality of Worklife Survey (2014) Student Guide}},
year = {2014}
}
@inproceedings{Pakhira2014,
abstract = {The k-means algorithm is known to have a time complexity of O (n 2), where n is the input data size. This quadratic complexity debars the algorithm from being effectively used in large applications. In this article, an attempt is made to develop an O (n) complexity (linear order) counterpart of the k-means. The underlying modification includes a directional movement of intermediate clusters and thereby improves compactness and separability properties of cluster structures simultaneously. This process also results in an improved visualization of clustered data. Comparison of results obtained with the classical k-means and the present algorithm indicates usefulness of the new approach.},
author = {Pakhira, Malay K.},
booktitle = {Proceedings - 2014 6th International Conference on Computational Intelligence and Communication Networks, CICN 2014},
doi = {10.1109/CICN.2014.220},
isbn = {9781479969296},
keywords = {Complexity,k-means,linear order,visually distinct},
month = {mar},
pages = {1047--1051},
publisher = {Institute of Electrical and Electronics Engineers Inc.},
title = {{A linear time-complexity k-Means algorithm using cluster shifting}},
year = {2014}
}
@misc{LAPID2018,
author = {LAPID},
title = {{H{\"{a}}ufige Stauursachen auf deutschen Stra{\ss}en}},
url = {https://blog.lapid.de/haeufige-stauursachen-auf-deutschen-stra{\ss}en},
urldate = {2020-06-26},
year = {2018}
}
@misc{BMW2020,
author = {BMW},
title = {{BMW ConnectedDrive Kundenportal – digitale Vernetzung zu Ihrem BMW.}},
url = {https://www.bmw-connecteddrive.de/app/index.html?gclid=Cj0KCQjwoJX8BRCZARIsAEWBFMIylpAiLbXLqB1JRhPbrCtw8dDxctDgnmuKu8NoxCXM1X6VuGC7oDMaAsXxEALw{\_}wcB{\#}/portal/store},
urldate = {2020-10-13},
year = {2020}
}
@article{Shinar2004,
abstract = {Over 2000 aggressive driving behaviors were observed over a total of 72h at six different sites. The behaviors selected for observation were those that are commonly included in 'aggressive driving' lists, and they consisted of honking, cutting across one or more lanes in front of other vehicles, and passing on the shoulders. In addition, an exposure sample of 7200 drivers were also observed at the same times and places. Relative risks (RRs) and odds ratios (ODs) were calculated to show the relative likelihood that different drivers under different conditions will commit aggressive behaviors. The rate of aggressive actions observed in this study decreased from the most frequent behavior of cutting across a single lane, through honking, and to the least frequent behaviors of cutting across multiple lanes and passing on the shoulders. Relative to their proportion in the driving population, men were more likely than women to commit aggressive actions, and the differences increased as the severity of the action increased. Drivers who were 45 years old or older were less likely to drive aggressively than younger ones. The presence of passengers was associated with a slight but consistent reduction in aggressive driving of all types; especially honking at other drivers. There was a strong linear association between congestion and the frequency of aggressive behaviors, but it was due to the number of drivers on the road. However, when the value of time was high (as in rush hours), the likelihood of aggressive driving - after adjusting for the number of drivers on the road - was higher than when the value of time was low (during the non-rush weekday or weekend hours). The results have implications for driver behavior modifications and for environmental design. Published by Elsevier Ltd.},
author = {Shinar, David and Compton, Richard},
doi = {10.1016/S0001-4575(03)00037-X},
issn = {00014575},
journal = {Accident Analysis and Prevention},
keywords = {Aggressive driving,Driving behavior,Traffic safety},
month = {may},
number = {3},
pages = {429--437},
pmid = {15003588},
publisher = {Pergamon},
title = {{Aggressive driving: An observational study of driver, vehicle, and situational variables}},
volume = {36},
year = {2004}
}
@misc{Baeldung2020_1,
author = {Baeldung},
title = {{A Guide to TreeMap in Java |}},
url = {https://www.baeldung.com/java-treemap},
urldate = {2020-10-30},
year = {2020}
}
@techreport{LfU2017,
author = {LfU},
institution = {Bayerisches Landesamt f{\"{u}}r Umwelt},
title = {{Erlaubnisfreie Versickerung von gesammeltem Niederschlagswasser - LfU Bayern}},
url = {https://www.lfu.bayern.de/wasser/niederschlagswasser{\_}umgang/versickerung/erlaubnisfreie{\_}versickerung/index.htm},
year = {2017}
}
@misc{Regber2016,
author = {Regber, Linda},
title = {{Effektst{\"{a}}rke, Effektgr{\"{o}}{\ss}e {\&} Effektst{\"{a}}rkema{\ss} berechnen | ANLEITUNG}},
url = {http://lindaregber.com/effekt-berechnen-interpretieren/},
urldate = {2020-10-18},
year = {2016}
}
@techreport{TRENOG2008,
author = {BMUG},
institution = {Bayerischen Staatsministeriums f{\"{u}}r Umwelt und Gesundheit},
title = {{Technische Regeln zum schadlosen Einleiten von gesammeltem Niederschlagswasser in oberirdische Gew{\"{a}}sser (TRENOG) - B{\"{u}}rgerservice}},
url = {http://www.gesetze-bayern.de/Content/Document/BayVwV154853},
year = {2008}
}
@article{DanneckerAuStechmann1990,
author = {Dannecker, W. and Au, M. and Stechmann, H.},
journal = {Science of the Total Environment 93},
pages = {385--392},
title = {{Substance load in rainwater runoff from different streets in Hamburg}},
year = {1990}
}
@misc{CohenWest2003,
author = {Cohen, Jacob and Cohen, Patricia and West, Stephen G. and Aiken, Leona S.},
title = {{Applied Multiple Regression/Correlation Analysis for the Behavioral Sciences - Google Books}},
url = {https://books.google.de/books?hl=de{\&}lr={\&}id=gkalyqTMXNEC{\&}oi=fnd{\&}pg=PP1{\&}dq=Aiken:+Applied+Multiple+Regression+/+Correlation+Analysis+For+The+Behavioral+Sciences.{\&}ots=tSBPY2n58g{\&}sig=-q4R6TR9tnnvlWnJSWwYlqMHzY0{\#}v=onepage{\&}q=Aiken{\%}3A Applied Multiple Regression},
urldate = {2020-09-17},
year = {2003}
}
@article{HuberWelkeHelmreichGWF2015,
author = {Huber, M. and Welker, A. and Helmreich, B.},
journal = {gwf-Wasser-Abwasser 156 (9).},
title = {{Belastung von Verkehrsfl{\"{a}}chenabfl{\"{u}}ssen mit Schwermetallen – ein europ{\"{a}}ischer Vergleich.}},
year = {2015}
}
@article{HindenDeering2006,
author = {Hinden, Robert M. and Deering, Stephen E.},
title = {{IP Version 6 Addressing Architecture}},
year = {2006}
}
@misc{Hucker2020,
author = {Hucker, Marius},
booktitle = {Towards Data Science},
title = {{Tree algorithms explained: Ball Tree Algorithm vs. KD Tree vs. Brute Force}},
url = {https://towardsdatascience.com/tree-algorithms-explained-ball-tree-algorithm-vs-kd-tree-vs-brute-force-9746debcd940},
urldate = {2020-10-30},
year = {2020}
}
@techreport{Cohen1988,
author = {Cohen, Jacob},
file = {:Users/jakoberpf/Library/Application Support/Mendeley Desktop/Downloaded/Cohen - Unknown - Statistical Power Analysis for the Behavioral Sciences Second Edition.pdf:pdf},
title = {{Statistical Power Analysis for the Behavioral Sciences Second Edition}},
year = {1988}
}
